@techreport{SMOS:06,
   author = {ARM},
   title =   {Surface Meteorological Observation System Handbook},
   institution = {Atmospheric Radiation Measurement Climate Research Facility, U.S. Department of Energy},
   number =  {ARM TR-031},
   year =    2006,
   note = {Available from http://www.arm.gov},
}
@article{Aksoy:06a,
   author =  {Aksoy, A. and F. Zhang and J. W. Nielsen-Gammon},
   title =   {Ensemble-based simultaneous state and parameter estimation with {MM5}},
   journal = {Geophys. Res. Lett.},
   volume = 33,
   doi =   {doi:10.1029/2006GL026186},
   year =    2006,
}
@article{Aksoy:06b,
   author =  {Aksoy, A. and F. Zhang and J. W. Nielsen-Gammon},
   title =   {Ensemble-based simultaneous state and parameter estimation in a two-dimensional sea-breeze model},
   journal = {Mon. Wea. Rev.},
   volume = 134,
   pages =   {2951--2970},
   year =    2006,
}
@article{Alapaty:97,
   author =  {K. Alapaty and S. Raman and D. Niyogi},
   title =   {Uncertainty in the specification of surface characteristics: {A} study on prediction errors in the boundary layer},
   journal = {Bound.-Layer Meteor.},
   volume = 82,
   pages =   {473--500},
   year =    1997,
}
@article{Ancell:2007,
  author={Ancell, B. and G. Hakim},
  year={2007},
  title={Comparing adjoint- and ensemble-sensitivity analysis with applications to observation targeting},
  journal={Mon. Wea. Rev.},
  volume=135,
  pages={4117-4134},
}
@article{AnAn:99,
  author={Anderson, J. L. and S. L. Anderson},
  year={1999},
  title={A {M}onte {C}arlo implementation of the nonlinear filtering problem to produce ensemble assimilations and forecasts},  
  journal={Mon. Wea. Rev.},
  volume=127,
  pages={2741-2758},
}
@article{An:97,
  author={Anderson, J. L. and V. Hubeny},
  year={1997},
  title={A reexamination of methods for evaluating the predictability of the atmosphere},
  journal = {Nonlinear Processes Geophys.},
  volume=4,
  pages={157--165},
}
@article{An:01,
  author={Anderson, J. L.},
  year={2001},
  title={An ensemble adjustment {K}alman filter for data assimilation},
  journal={Mon. Wea. Rev.},
  volume=129,
  pages={2884--2903},
}
@article{An:03,
  author={Anderson, J. L.},
  year={2003},
  title={A local least squares framework for ensemble filtering},
  journal={Mon. Wea. Rev.},
  volume=131,
  pages={634--642},
}
@article{An:07,
  author={Anderson, J. L.},
  title={Exploring the need for localization in ensemble data assimilation using a hierarchical ensemble filter},
  journal={Physica D},
  volume={230},
  doi={doi:10.1016/j.physd.2006.02.011},
  pages={99--111},
  year={2007}
}
@article{An:09,
  author={Anderson, J. L.},
  year={2009},
  title={Spatially and temporally varying adaptive covariance inflation for ensemble filters},
  journal={Tellus},
  volume={61A},
  doi={10.1111/j.1600-0870.2008.00361.x},
  pages={72--83},
}
@article{An:09b,
author={Anderson, J. and T. Hoar and K. Raeder and H. Liu and N. Collins and R. Torn and A. Avellano},
year={2009},
title={The Data Assimilation Research Testbed: {A} Community Facility},
journal={Bull. Amer. Meteor. Soc.},
volume={90},
pages={1283--1296},
doi={10.1175/2009BAMS2618.1},
}
@article{Annan:05a,
  author={Annan, J. D. and J. C. Hargreaves and N. R. Edwards and R. Marsh},
  title={Parameter estimation in an intermediate complexity earth system model using an ensemble {K}alman filter},
  journal={Ocean. Modell.},
  volume=8,
  pages={135--154},
  year={2005a},
}
@article{Annan:05b,
  author={Annan, J. D. and D. J. Lunt and P. J. Valdes},
  title={Parameter estimation in an atmospheric {GCM} using the ensemble {K}alman filter},
  journal={Nonlin. Proc. Geophys.},
  volume=12,
  pages={363--371},
  year={2005b},
}
@inproceedings{Arakawa,
   author =  {Arakawa, A. and V. R. Lamb},
   title = {Computational design of the basic dynamical processes of the {UCLA} general circulation model},
   booktitle = {Methods in Computational Physics},
   volume =  17,
   chapter = 1,
   publisher = {Academic Press},
   pages =   {174--265},
   year =    1977
}
@article{Aravequia:11,
  author={Arav\'{e}quia, J. A. and I. Szunyogh and E. J. Fertig and E. Kalnay and D. Kuhl and E. J. Kostelich},
  year={2011},
  title={Evaluation of a strategy for the assimilation of satellite radiance observations with the local ensemble transform {K}alman filter},
  journal={Mon. Wea. Rev.},
  volume={139},
  doi={10.1175/2010MWR3515.1},
  pages={1932--1951},
}
@article{Auligne:07,
   author =  {Aulign\'{e}, T. and A. P. McNally and D. P. Dee},
   title =   {Adaptive bias correction for satellite data in a numerical weather prediction system},
   journal = {Quart. J. Roy. Meteor. Soc.},
   volume =  133,
   pages =   {631--642},
   year =    {2007},
}
@article{Aurell97,
   author =  {Aurell, E. and G. Boffetta and A. Crisanti and G. Paladin and A. Vulpiani},
   title =   {Predictability in the large: an extension of the concept of {L}yapunov exponent},
   journal = {J. Phys. A},
   volume =  {30},
   pages =   {1--26},
   year =    {1997},
}
@book{Axelsson,
   author =  {Axelsson, O.},
   title = {Iterative {S}olution {M}ethods},
   publisher = {Cambridge University Press},
   pages =   {654},
   year =    1994
}
@article{Baker:2015,
   author = {Baker, A. H. and D. M. Hammerling and M. N. Levy and H. Xu and J. M. Dennis and B. E. Eaton and J. Edwards and C Hannay and S. A. Mickelson and R. B. Neale and D. Nychka and J. Shollenberger and J. Tribbia and M. Vertenstein and D. Williamson},
   title = {A new ensemble-based consistency test for the {C}ommunity {E}arth {S}ystem {M}odel (py{CECTv1.0})},
   journal = {Geosci. Model Devel.},
   volume =  {8},
   pages =   {2829--2840},
   year =    {2015},
   doi = {doi:10.5194/gmd-8-2829-2015},
} 
@article{Ball:60,
   author =  {Ball, F. K.},
   title =   {Control of inversion height by surface heating},
   journal = {Quart. J. Roy. Meteor. Soc.},
   volume =  {44},
   pages =   {2823--2838},
   year =    {1960},
}   
@article{Barker:75,
   author =  {Barker, E. H. and T. L. Baxter},
   title =   {A note on the computation of atmospheric surface layer fluxes for use in numerical modeling},
   journal = {J. Appl. Meteor.},
   volume =  {14},
   pages =   {620--622},
   year =    {1975},
}   
@article{Barros02,
   author =  {Barros, A. P. and W. Hwu},
   title =   {A study of land-atmosphere interactions during summertime rainfall using a mesoscale model},
   journal = {J. Geophys. Research},
   volume =  {107},
   pages =   {4227--4245},
   year =    {2002},
}
@article{Barros,
   author =  {Barros, S. R. M. and T. Kauranne},
   title =   {On the parallelization of global spectral weather models},
   journal = {Parallel Comput.},
   volume =  {20},
   pages =   {1335-1356},
   year =    {1994},
}
@article{Baum:96,
   author =  {Baumhefner, D.},
   title =   {Numerical extended-range prediction: {F}orecast skill using a low-resolution climate model},
   journal = {Mon. Wea. Rev.},
   volume =  {124},
   pages =   {1965--1980},
   year =    {1996},
}
@unpublished{Baum:03,
   author =  {Baumhefner, D. and R. Errico},
   title =   {The intrinsic nature of predictability in the atmosphere},
   year =    {2003},
   note = {submitted to {\em Mon. Wea. Rev.}},
}
@article{Beljaars:91,
   author =  {Beljaars, A. C. M and A. A. M. Holtstag},
   title =   {Flux parameterization over land surfaces for atmospheric models},
   journal = {J. Appl. Meteor.},
   volume =  {30},
   pages =   {327--341},
   year =    {1991},
}   
@article{Be:89,
   author =  {Benjamin, S. G.},
   title =   {An isentropic meso$\alpha$-scale analysis system and its sensitivity to aircraft and surface observations},
   journal = {Mon. Wea. Rev.},
   volume =  {117},
   pages =   {1586-1603},
   year =    {1997},
}
@article{Benjamini:95,
   author =  {Benjamini, Y. and Y. Hochberg},
   title =   {Controlling the false discovery rate: {A} practical and powerful approach to multiple testing},
   journal = {J. Royal Stat. Soc.},
   volume =  {57B},
   pages =   {289-300},
   year =    {1995},
}
@article{Be:97,
   author =  {Benoit, R. and M. Desgagn\'{e} and P. Pellerin and S. Pellerin and Y. Chartier and S. Desjardins},
   title =   {The Canadian MC2: A semi-Lagrangian, semi-implicit wideband atmospheric model suited for finescale process studies and simulation},
   journal = {Mon. Wea. Rev.},
   volume =  {125},
   pages =   {2382-2415},
   year =    {1997},
}
@article{Benoit97,
   author =  {Benoit, R. and M. Desgagn\'e and P. Pellerin and
S. Pellerin and Y. Chartier and S. Desjardins},
   title =   {The {C}anadian {MC2}: A semi-{L}agrangian, semi-implicit
wide-band atmospheric model suited for fine-scale process studies and
simulations},
   journal = {Mon. Wea. Rev.},
   volume =  125,
   pages =   {2382--2415},
   year =    1997
}
@Article{BergotGuedalia94,
 AUTHOR =       {Bergot, T. and Gu\'edalia, D.},
 TITLE =        {Numerical Forecasting of Radiation Fog. {P}art {I}: {N}umerical Model and Sensitivity Tests},
 JOURNAL =      {Mon. Wea. Rev.},
 YEAR =         {1994},
 volume =       {122},
 pages =        {1218-1230},
}
@article{Bernardet,
   author =  {Bernardet, P.},
   title =   {The pressure term in the anelastic model: {A} symmetric elliptic solver for an {A}rakawa {C} grid in generalized coordinates},
   journal = {Mon. Wea. Rev.},
   volume =  123,
   pages =   {2474--2490},
   year =    1995
}
@ARTICLE{Berner:09,
   AUTHOR={J. Berner and G. Shutts and M. Leutbecher and T.N. Palmer},
   TITLE={A Spectral Stochastic Kinetic Energy Backscatter Scheme and its Impact on Flow-dependent Predictability in the 
          {ECMWF} {E}nsemble {P}rediction {S}ystem},
   JOURNAL={J. Atmos. Sci.},
   VOLUME={66},
   PAGES={603--626},
   YEAR={2009}
}
@article{Berner:11,
   AUTHOR={J. Berner and S.-Y. Ha and J. P. Hacker and A. Fournier and C. Snyder},
   TITLE={Model uncertainty in a mesoscale ensemble prediction system: Stochastic versus multi-physics representations},
   JOURNAL={Mon. Wea. Rev.},
   YEAR={2011},
   volume={\normalfont{In press}},
}
@article{Berner:14,
   AUTHOR={J. Berner and K. R. Fossel and and J. P. Hacker C. Snyder},
   TITLE={Increasing the Skill of Probabilistic Forecasts: Understanding Performance Improvements from Model-Error Representations},
   JOURNAL={Mon. Wea. Rev.},
   YEAR={2014},
   doi={DOI:http://dx.doi.org/10.1175/MWR-D-14-00091.1},
}

@article{Betts:92,
   AUTHOR={Betts, A. K.},
   YEAR={1992},
   TITLE={{FIFE} atmospheric boundary layer budget methods},
   JOURNAL={J. Geophys. Res.},
   VOLUME=97,
   PAGES={18523--18531}
 }
@article{Bishop:1999,
   author =  {Bishop, C. H and Z. Toth},
   title =   {Ensemble transformation and adaptive observations},
   journal = {J. Atmos. Sci.},
   volume =  56,
   pages =   {1748--1765},
   year =    1999
}
@article{BBM:01,
   author =  {Bishop, C. H and B. J. Etherton and S. J. Majumdar},
   title =   {Adaptive sampling with the ensemble transform {K}alman filter.  {P}art {I}: {T}heoretical aspects},
   journal = {Mon. Wea. Rev.},
   volume =  129,
   pages =   {420--436},
   year =    2001
}
@article{Bishop:2009,
   author =  {Bishop, C. H. and D. Hodyss},
   title =   {Ensemble covariances adaptively localized with {ECO-RAP}. {P}art 2: a strategy for the atmosphere},
   journal = {Tellus},
   volume =  {61A},
   pages =   {97--111},
   year =    2009
}
@article{Black:94,
   author =  {Black, T. L.},
   title =   {The new {NMC} mesoscale {E}ta model: {D}escription and forecast examples},
   journal = {Wea. Forecasting},
   volume =  9,
   pages =   {265--278},
   year =    1994
}
@article{Blanton:2016,
   author =  {Blanton, B. and B. Colle and R. Kolar and K. Dresback and and T. Davidson and R. and T. Wachtendorf and L. Nozick},
   title =   {An integrated scenario ensemble-based hurricane evacuation modeling framework},
   journal = {Natural Hazards},
   note = {Submitted},
   year =    2016
}
@article{Boer:84,
   author =  {Boer, G. J.},
   title =   {A spectral analysis of predictability and error in an operational forecast system},
   journal = {Mon. Wea. Rev.},
   volume =  112,
   pages =   {1183--1197},
   year =    1984
}
@article{Boffetta98,
   author =  {Boffetta, G. and A. Crisanti and F. Paparella amd A. Provenzale and A. Vulpiani},
   title =   {Slow and fast dynamics in coupled systems: {A} time series analysis view},
   journal = {Physica D},
   volume =  116,
   pages =   {301--312},
   year =    1998
}
@unpublished{Bosveld:2012,
  author={Bosveld, F. C. and P. Baas and G.-J. Steeneveld and A. A. M. Holtslag and W. M. Angevine and E. Bazile and E. I.F. de Bruijn and D. Deacu and J. M. Edwards and M. Ek and V. E. Larson and J. E. Pleim and M. Raschendorfer and G. Svensson},
   year={2012},
   title={The third {GABLS} intercomparison case for model evaluation {P}art {B}: {S}ingle {C}olumn {M}odel results and process understanding}, 
   note={Submitted to {\it Bound.-Layer Meteor.}},
}
@article{Bourke72,
   author =  {Bourke, W.},
   title =   {An efficient one-level primitive equation spectral model},
   journal = {Mon. Wea. Rev.},
   volume =  100,
   pages =   {683--689},
   year =    1972
}
@article{Bourke74,
   author =  {Bourke, W.},
   title =   {A multi-level spectral model. {I}. {F}ormulation and
hemispheric integrations},
   journal = {Mon. Wea. Rev.},
   volume =  102,
   pages =   {687--701},
   year =    1974
}
@article{Bouttier:93a,
   author =  {Bouttier, F. and J.-F. Mahfouf and J. Noilhan},
   title =   {Sequential assimilation of soil moisture from atmospheric low-level parameters.  {P}art {I}: {S}ensitivity and calibration},
   journal = {J. Appl. Meteor.},
   volume =  32,
   pages =   {1335--1351},
   year =    {1993a},
}
@article{Bouttier:93b,
   author =  {Bouttier, F. and J.-F. Mahfouf and J. Noilhan},
   title =   {Sequential assimilation of soil moisture from atmospheric low-level parameters.  {P}art {II}: {I}mplementation in a mesoscale model},
   journal = {J. Appl. Meteor.},
   volume =  32,
   pages =   {1352--1364},
   year =    {1993b},
}
@article{Bowler:08,
   author =  {Bowler, N.~E. and A. Arribas and K.~R. Mylne and K.~B. Robertson and S.~E. Beare},
   title =   {The {MOGREPS} short-range ensemble prediction system},
   journal = {Quart. J. Roy. Meteor. Soc.},
   volume =  134,
   pages =   {703--722},
   year =    {2008},
}
@article{Brieglib:92,
   author =  {Brieglib, B. P.},
   title =   {Delta-{E}ddington approximation for solar radiation in the {NCAR} {C}ommunity {C}limate {M}odel},
   journal = {J. Geophys. Res.},
   volume =  97,
   pages =   {7603--7612},
   year =    {1992},
}
@article{Br:97,
   author =  {Brooks and Coauthors},
   title =   {Verification of public weather forecasts available via the media},
   journal = {Bull. Amer. Meteor. Soc.},
   volume =  78,
   pages =   {2167-2177},
   year =    1997,
}
@article{Brieglib:,
   author =  {Brooks and Coauthors},
   title =   {Verification of public weather forecasts available via the media},
   journal = {Bull. Amer. Meteor. Soc.},
   volume =  78,
   pages =   {2167-2177},
   year =    1997,
}
@article{Bu:94a,
   author =  {Buizza, R.},
   title =   {Sensitivity of optimal unstable structures},
   journal = {Quart. J. Roy. Meteor. Soc.},
   volume =  120,
   pages =   {429-451},
   year =    {1994a},
}
@article{Bu:94b,
   author =  {Buizza, R.},
   title =   {Localization of optimal perturbations using a projection operator},
   journal = {Quart. J. Roy. Meteor. Soc.},
   volume =  120,
   pages =   {1647-1681},
   year =    {1994b},
}
@article{Bu:95,
   author =  {Buizza, R.},
   title =   {Optimal perturbation time evolution and sensitivity of ensemble prediction to perturbation amplitude},
   journal = {Quart. J. Roy. Meteor. Soc.},
   volume =  121,
   pages =   {1705-1738},
   year =    1995,
}
@article{Bu:99,
   author =  {Buizza, R. and M. Miller and T. N. Palmer},
   title =   {Stochastic representation for model uncertainties in the {ECMWF} {E}nsemble {P}rediction {S}ystem},
   journal = {Quart. J. Roy. Meteor. Soc.},
   volume =  125,
   pages =   {2887-2908},
   year =    1999,
}
@article{Bu:99a,
   author =  {Buizza, R. and A. Montani},
   title =   {Targeting observations using singular vectors},
   journal = {J. Atmos. Sci.},
   volume =  56,
   pages =   {2965--2985},
   year =    1999,
}
@article{Burg:98,
   author =  {Burgers, G. and P. VanLeeuwen and G. Evensen},
   title =   {Analysis scheme in the ensemble {K}alman filter},
   journal = {Mon. Wea. Rev.},
   volume =  126,
   pages =   {1719-1724},
   year =    1998,
}
@article{Candille:05,
   author =  {Candille, G. and O. Tallagrand},
   title =   {Evaluation of probabilistic prediction system for a scalar variable},
   journal = {Quart. J. Roy. Meteor. Soc.},
   volume =  131,
   pages =   {2131--2150},
   year =    2005,
}
@article{Ch:66,
   author =  {Charney, J. G. and R. G. Fleagle and H. Riehl and V. E. Lally and D. Q. Wark},
   title =   {The feasibility of a global observation experiment},
   journal = {Bull. Amer. Meteor. Soc.},
   volume =  47,
   pages =   {200-220},
   year =    1966,
}
@article{FeiChen:97,
   author =  {Chen, F. and Z. Janji\'{c} and K. Mitchell},
   title =   {Impact of atmospheric surface-layer parameterizations in the new land-surface scheme of the {NCEP} mesoscale {E}ta {M}odel},
   journal = {Bound.-Layer Meteor.},
   volume = {85},
   pages = {391--421},
   year =    1997
}
@article{FeiChen:07,
   author =  {Chen, F. and K. W. Manning and M. A. Le{M}one and S. B. Trier and J. G. Alfieri and R. Roberts and M. Tewari and D. Niyogi and T. W. Horst and S. P. Oncley and J. B. Basara and P. D Blanken},
   title =   {Evaluation of the characteristics of the {NCAR} {H}igh-{R}esolution {L}and {D}ata {A}ssimilation {S}ystem},
   journal = {J. Appl. Meteor. Clim.},
   volume = {46},
   pages = {694--713},
   year =    2007
}
@article{Chen:01,
   author =  {Chen, F. and J. Dudhia},
   title =   {Coupling an advanced land-surface/hydrology model with the {Penn State/NCAR MM5} modeling system. {P}art {I}: Model description and implementation},
   journal = {Mon. Wea. Rev.},
   volume =  129,
   pages =   {569--585},
   year =    2001
}
@article{Chen:2002,
   author =  {Chen, S.-H. and W.-Y. Sun},
   title =   {A one-dimensional time dependent cloud model},
   journal = {J. Meteor. Soc. Japan},
   volume =  80,
   pages =   {99--118},
   year =    2002
}
@article{Chen:2001,
   author =  {Chen, S.-H. and W.-Y. Sun},
   title =   {Application of the Multigrid Method and a Flexible Hybrid 
Coordinate in a Nonhydrostatic Model},
   journal = {Mon. Wea. Rev.},
   volume =  129,
   pages =   {2660--2676},
   year =    2001
}
@article{Cheng:04,
   author =  {Cheng, W. Y. Y. and W. R. Cotton},
   title =   {Sensitivity of a cloud-resolving simulation of the genesis of a mesoscale convective system to horizontal heterogeneities in soil moisture initialization},
   journal = {J. Hydrometeor.},
   volume =  5,
   pages =   {934--958},
   year =    2004
}
@article{Clark:08, 
   author = {Clark, A. and W. A. {Gallus Jr.} and T.-C. Chen},
   title = {Contributions of mixed physics and perturbed lateral boundary conditions to the skill and spread of precipitation forecasts from a WRF ensemble},
   journal = {Mon. Wea. Rev.}, 
   volume = 136, 
   pages = {2140--2156},
   year = 2008,
}
@article{Clark,
   author =  {Clark, T. L.},
   title =   {A small scale numerical model using a terrain following coordinate system},
   journal = {J. Comput. Phys.},
   volume =  24,
   pages =   {186--215},
   year =    1977
}
@article{Cohn:97,
   author =  {Cohn, S. E.},
   title =   {An Introduction to Estimation Theory},
   journal = {J. Meteor. Soc. Japan},
   volume =  75,
   pages =   {257--288},
   year =    1997,
}

@article{Colle:2014,
   author =  {Colle, B. A. and D. Stark and S. E. Yuter},
   title =   {Surface microphysical observations within East coast winter storms on {L}ong {I}sland},
   journal = {Mon. Wea. Rev.},
   volume =  142,
   pages =   {3126--3146},
   year =    2014,
}

@article{Colle:2016,
   author =  {Colle, B. A. and A. Neager and A. Molthan},
   title =   {Structure and evolution of a warm frontal precipitation band during the {GPM} cold season precipitation experiment ({GCPEx})},
   journal = {Mon. Wea. Rev.},
   note = {Submitted},
   year =    2016,
}
@article{CD:88,
   author =  {Cohn, S. and D. P. Dee},
   title =   {Observability of discretized partial differential equations},
   journal = {{SIAM} Journal of Numerical Analysis},
   volume =  25,
   pages =   {586--617},
   year =    1988,
}
@unpublished{Collins:05,
  author={W. D. Collins and C. M. Bitz and M. L. Blackmon and G. B . Bonan and C. S. Bretherton and J. A. Carton and P. Chang and S. C. Doney and J. J. Hack and T. B. Henderson and J. T. Kiehl and W. G. Large and D. S. McKenna and B. D. Santer and and R. D. Smith},
  year={2005},
  title={The {C}ommunity {C}limate {S}ystem {M}odel: {CCSM}3},
  note={Submitted to J. Climate special issue on CCSM}
}
@article{Cressman:59,
   author =  {G. P. Cressman},
   title =   {An operational objective analysis scheme},
   journal = {Mon. Wea. Rev.},
   volume =  10,
   pages =   {293--297},
   year =    1959,
}
@article{Crook:96,
   author =  {N. A. Crook},
   title =   {Sensitivity of moist convection forced by boundary layer processes to low-level thermodynamic fields},
   journal = {Mon. Wea. Rev.},
   volume =  124,
   pages =   {1767--1785},
   year =    1996,
}
@article{Crow:03,
   author =  {W. T. Crow and E. F. Wood},
   title =   {The assimilation of remotely sensed soil brightness temperature imagery into a land surface model using ensemble {K}alman filtering: {A} case study based on {ESTAR} measurements during {SGP}97},
   journal = {Adv. Water Resour.},
   volume =  26,
   pages =   {137--148},
   year =    2003,
}
@article{Cullen,
   author =  {Cullen, M. J. P.},
   title =   {A test of a semi-implicit integration technique for
a fully compressible nonhydrostatic model},
   journal = {Quart. J. Roy. Meteor. Soc.},
   volume =  116,
   pages =   {1253--1258},
   year =    1990
}
@article{Dalch:87,
   author =  {Dalcher, A. and E. Kalnay},
   title =   {Error growth and predictability in operational {ECMWF} forecasts},
   journal = {Tellus},
   volume =  39,
   pages =   {474--491},
   year =    1987,
}
@article{Da:92a,
   author =  {Daley, R.},
   title =   {The effect of serially correlated observation and model error on atmospheric data assimilation},
   journal = {Mon. Wea. Rev.},
   volume =  120,
   pages =   {164--177},
   year =    1992,
}
@article{Da:92b,
   author =  {Daley, R.},
   title =   {Estimating model-error covariances for application to atmospheric data assimilation},
   journal = {Mon. Wea. Rev.},
   volume =  120,
   pages =   {1735--1746},
   year =    1992,
}
@book{Da:96,
   author =    {Daley, R.},
   title =     {Atmospheric Data Analysis},
   publisher = {},
   year =      1996,
}
@article{Da:97,
   author =  {Daley, R.},
   title =   {Error propagation and observability for the constituent transport equation in steady, non-divergent, two-dimensional flow},
   journal = {Numer. Meth. in Atmos. and Oceanic Modelling},
   pages =   {323--351},
   year =    1997,
}
@article{DM:86,
   author =  {Daley, R. and T. Mayer},
   title =   {Estimates of global analysis error from the global weather experiment observational network},
   journal = {Mon. Wea. Rev.},
   volume =  114,
   pages =   {1642--1653},
   year =    1986,
}
@article{Davidson:2016,
   author =  {Davidson, R. A. and B. Blanton and B. Colle and R. Kolar and K. Dresback and T. Wachtendorf and and L. Nozick},
   title =   {Development of scenario-based hazard trees for depicting resolution of hurricane uncertainty over time},
   journal = {Natural Hazards},
   note = {Submitted},
   year =    2016,
}

@article{Davies,
   author =  {Davies, H. C.},
   title =   {A lateral boundary formulation for multi-level prediction models},
   journal = {Quart. J. Roy. Meteor. Soc.},
   volume =  102,
   pages =   {405--418},
   year =    1976
}
@article{Davis:99,
   author =  {Davis, C. and T. Warner and E. Astling and J. Bowers},
   title =   {Development and application of an operational, relocatable, mesogamma-scale weather analysis and forecasting system},
   journal = {Tellus},
   volume =  {51A},
   pages =   {710--727},
   year =    1999
}
@article{De:72,
   author =  {Deardorff, J. W.},
   title =   {Parameterization of the boundary layer for use in general circulation models},
   journal = {Mon. Wea. Rev.},
   volume =  100,
   pages =   {93--106},
   year =    {1972},
}
@article{DE:02,
   author =  {De El\'{i}a, R. and R. Laprise and B. Denis},
   title =   {Forecasting skill limits of nested, limited-area models: {A} perfect-model approach},
   journal = {Mon. Wea. Rev.},
   volume =  130,
   pages =   {2006--2023},
   year =    2002
}
@article{Dee:95,
   author =  {Dee, D. P.},
   title =   {On-line estimation of error covariance parameters for atmospheric data assimilation},
   journal = {Mon. Wea. Rev.},
   volume =  123,
   pages =   {1128--1145},
   year =    {1995},
}
@article{Dee:98,
   author =  {Dee, D. P. and A. M. {Da Silva}},
   title =   {Data assimilation in the presence of forecast bias},
   journal = {Quart. J. Roy. Meteor. Soc.},
   volume =  124,
   pages =   {269--295},
   year =    {1998},
}
@article{Dee:05,
   author =  {Dee, D. P.},
   title =   {Bias and data assimilation},
   journal = {Quart. J. Roy. Meteor. Soc.},
   volume =  131,
   pages =   {3323--3343},
   year =    {2005},
}
@article{Delle:11,
   author =  {DelleMonache, L. and T. Nipen and Y. Liu and G. Roux and R.
Stull},
   title =   {Kalman Filter and Analog Schemes to Postprocess Numerical
Weather Predictions},
   journal = {Mon. Wea. Rev.},
   volume =  139,
   pages =  {3554--3570},
   year =   {2011},
}
@article{Desro:05,
   author =  {Desroziers, G. and L. Berre and B. Chapnik and P. Poli},
   title =   {Diagnosis of observation, background and analysis-error
statistics in observation space},
   journal = {Quart. J. Roy. Meteor. Soc.},
   volume =  131,
   pages =   {3385--3396},
   year =    {2005},
}
@article{DS_C:03,
   author =  {DelSole, T. and P. Chang},
   title =   {Predictable component analysis, canonical correlation analysis, and autoregressive models},
   journal = {J. Atmos. Sci.},
   volume =  60,
   pages =   {409--416},
   year =    {2003},
}
@unpublished{DS:03a,
   author = {DelSole, T.},
   title =  {Predictability and information theory, {P}art {I}: {M}easures of predictability},
   year = 2003,
   note =   {Manuscript},
}
@unpublished{DS:03b,
   author = {DelSole, T.},
   title =  {Predictability and information theory, {P}art {II}: {I}mperfect forecasts},
   year = 2003,
   note =   {Manuscript},
}
@article{Desroziers:05,
   author =  {Desroziers, G. and L. Berre and B. Chapnik and P. Poli},
   title =   {Diagnosis of observation, background and analysis-error statistics in observation space},
   journal = {Quart. J. Royal Meteor. Soc.},
   volume =  131,
   pages =   {3385--3396},
   year =    2005,
}
@article{Dickenson:88,
   author =  {Dickenson, R.E.},
   title =   {The force-restore model for surface temperature and its generalization},
   journal = {J. Climate},
   volume =  1,
   pages =   {1086--1097},
   year =    1988,
}
@article{Drusch:07,
   author =  {Drusch, M. and P. Viterbo},
   title =   {Assimilation of screen-level variables in {ECMWF's} {I}ntegrated {F}orecast {S}ystem: {A} study on the impact of the forecast quality and analyzed soil moisture},
   journal = {Mon. Wea. Rev.},
   volume =  135,
   pages =   {300--314},
   year =    2007,
}
@article{Dudhia:89,
   author =  {Dudhia, J.},
   title =   {Numerical study of convection observed during the {W}inter {M}onsoon {E}xperiment using a mesoscale two-dimensional model},
   journal = {J. Atmos. Sci.},
   volume =  46,
   pages =   {3077--3107},
   year =    1989
}
@inproceedings{Dudhia:96,
   author =  {Dudhia, J.},
   title = {A multi-layer soil temperature model for {MM5}},
   booktitle = {Sixth Annual PSU/NCAR Mesoscale Model Users' Workshop, Boulder CO, July 1996},
   pages =   {49--51},
   year =    1996
}
@article{Durran,
   author =  {Durran, D. R. and J. B. Klemp},
   title =   {A compressible model for the simulation of moist mountain waves},
   journal = {Mon. Wea. Rev.},
   volume =  111,
   pages =   {2341--2361},
   year =    1983
}
@book{Efron:93,
   author =  {Efron, B. and R. J. Tibshirani},
   title =   {An introduction to the Bootstrap},
   publisher = {Chapman and Hall},
   pages =   {436},
   year =    1993
}
@article{Eckel:05,
   author =  {Eckel, F. A. and C. F. Mass},
   title =   {Aspects of effective mesoscale, short-range, ensemble forecasting},
   journal = {Wea. and Forecast.},
   volume =  20,
   pages =   {328--350},
   year =    2005
}
@book{Efron,
   author =  {Efron, B. and R. J. Tibshirani},
   title = {An introduction to the Bootstrap},
   publisher = {Chapman and Hall},
   pages =   {436},
   year =    1993
}
@article{Eisenstat,
   author =  {Eisenstat, S. C. and H. C. Elman and M. H. Schultz},
   title =   {Variational iterative methods for nonsymmetric systems of linear equations},
   journal = {{SIAM} J. Numer. Anal.},
   volume =  2,
   pages =   {345--357},
   year =    1983
}
@article{Ek:03,
   author =  {Ek, M. B. and K. E. Mitchell and Y. Lin and P. Grunmann and V. Koren and G. Gayno and J. D. Tarpley},
   title =   {Implementation of {N}oah land-surface model advances in the {N}ational {C}enters for {E}nvironmental {P}rediction operational mesoscale {E}ta model},
   journal = {J. Geophys. Res.},
   volume =  {108D},
   pages =  {8851--8867},
   year =   2003
}
@article{Elman,
   author =  {Elman, H. C. and D. P. O'Leary},
   title =   {Efficient iterative solution of the three-dimensional
{H}elmholtz equation},
   journal = {J. Comput. Phys.},
   volume =  142,
   pages =  {163--181},
   year =   1998
}
@article{Ep:69a,
   author =  {Epstein, E. S.},
   title =   {The role of initial condition uncertainties in prediction},
   journal = {J. Appl. Meteor.},
   volume =  8,
   pages =   {190-198},
   year =    {1969a},
}
@article{Ep:69b,
   author =  {Epstein, E. S.},
   title =   {Stochastic dynamic prediction},
   journal = {Tellus},
   volume =  21,
   pages =   {739--759},
   year =    {1969b},
}
@article{Errico:85,
   author =  {Errico, R.},
   title =   {Spectra computed from a limited-area grid},
   journal = {Mon. Wea. Rev.},
   volume =  113,
   pages =   {1554--1562},
   year =    1985,
}
@article{EB:87,
   author =  {Errico, R. and D. Baumhefner},
   title =   {Predictability experiments using a high-resolution limited-area model},
   journal = {Mon. Wea. Rev.},
   volume =  115,
   pages =   {488--504},
   year =    1987,
}
@article{Ev:94,
   author =  {Evensen, G.},
   title =   {Sequential data assimilation with a nonlinear quasi-geostrophic model using {M}onte {C}arlo methods to forecast error statistics},
   journal = {J. Geophys. Res.},
   volume =  99,
   pages =   {10143--10162},
   year =    1994,
}
@article{Ev:97,
   author =  {Evensen, G.},
   title =   {Advanced data assimilation for strongly nonlinear dynamics},
   journal = {Mon. Wea. Rev.},
   volume =  125,
   pages =   {1342--1354},
   year =    1997,
}
@article{Fa:95,
   author =  {Fast, J. D.},
   title =   {Mesoscale modeling and four-dimensional data assimilation in areas of highly-complex terrain},
   journal = {J. Appl. Meteor.},
   volume =  34,
   pages =   {2762-2782},
   year =    1995,
}
@techreport{Felter:2014,
   author = {Felter, W. and A. Ferreira and R. Rajamony and J. Rubio},
   title =   {An Updated Performance Comparison of Virtual Machines and {L}inux Containers},
   institution = {IBM Research Report},
   number =  {RC25482},
   year =    2014,
   note = {Currently available from http://domino.research.ibm.com/library/cyberdig.nsf/papers/0929052195DD819C85257D2300681E7B/\$File/rc25482.pdf},
}
@article{Fertig:09,
  author={Fertig, E. J. and S.-J. Baek and B. R. Hunt and E. Ott and I. Szunyogh and J. A. Arav\'{e}quia and E. Kalnay and H. Li and J. Liu},
  year={2009},
  title={Observation bias correction with an ensemble {K}alman filter},
  journal={Tellus},
  volume={61A},
  doi={10.1111/j.1600-0870.2008.00378.x},
  pages={210--226},
}
@article{Freund93,
   author =  {Freund, R. W.},
   title =   {A transpose-free quasi-mimimum residual algorithm for non-{H}ermitian linear systems},
   journal = {{SIAM} J. Sci. Stat. Comput.},
   volume =  14,
   pages =   {470--482},
   year =    1993,
}
@article{Fritsch80,
   author =  {Fritsch, J. M. and C. F. Chappel},
   title =   {Numerical prediction of convectively driven mesoscale pressure systems. {P}art {I}: {C}onvective parameterization},
   journal = {J. Atmos. Sci.},
   volume =  37,
   pages =   {1722--1733},
   year =    1980,
}
@unpublished{Furrer:06,
   author =  {Furrer, R. H. and T. Bengtsson},
   title =   {Estimation of high-dimensional prior and posterior covariance
matrices in {K}alman filter variants},
   year = 2006,
   note = {Accepted to {\it Journal of Multivariate Analysis}},
}
@article{Gal-Chen,
   author =  {Gal-Chen, T. and R. C. Sommerville},
   title =   {On the use of a coordinate transformation for the solution of
the {N}avier-{S}tokes equations},
   journal = {J. Comput. Phys.},
   volume =  17,
   pages =  {209--228},
   year =   1975
}
@book{Gandin:63,
   author =  {Gandin, L. S.},
   title =   {Objective analysis of meteorological fields},
   publisher = {Gidrometeorologicheskoe Izdatel'stvo, Leningrad},
   pages =   {242},
   year =    1963,
   note = {Translated from Russian by the Israel Program for Scientific Translations, Jerusalem, in 1965},
}
@article{Ganetis:2015,
   author =  {Ganetis, S. A. and B. A. Colle},
   title =   {The thermodynamic and microphysical evolution of an intense snowband during the {N}ortheast {U.S.} blizzard of 8-9 {F}ebruary 2013},
   journal = {Mon. Wea Rev.},
   volume =  143,
   pages =   {4104--4125},
   year =    2015,
}
@article{Garratt:93,
   author =  {Garratt, J. R.},
   title =   {Sensitivity of climate simulations to land-surface and atmospheric boundary-layer treatments -- A review},
   journal = {J. Climate},
   volume =  6,
   pages =   {419--448},
   year =    1993,
}
@article{GC:99,
   author =  {Gaspari, G. and S. E. Cohn},
   title =   {Construction of correlation functions in two and three dimensions},
   journal = {Quart. J. Roy. Meteor. Soc.},
   volume =  125,
   pages =   {723--757},
   year =    1999,
}
@article{Gelaro:99,
   author =  {Gelaro, R. and R. H. Langland and G. D. Rohaly and T. E. Rosmond},
   title =   {As assessment of the singular vector approach to targeted observing using the {FASTEX} dataset},
   journal = {Quart. J. Roy. Meteor. Soc.},
   volume =  125,
   pages =   {3299--3327},
   year =    1999,
}
@article{Ghan:99,
   author =  {Ghan, S. J. and L. R. Leung and J. McCaa},
   title =   {A comparison of three different modeling strategies for evaluating cloud and radiation parameterizations},
   journal = {Mon. Wea. Rev.},
   volume =  127,
   pages =   {1967--1984},
   year =    1999,
}
@article{Gilmour:01,
   author =  {Gilmour, I. and L. A. Smith and R. Buizza},
   title =   {Linear regime duration: {I}s 24 hours a long time in synoptic weather forecasting?},
   journal = {J. Atmos. Sci.},
   volume =  58,
   pages =   {3525--3539},
   year =    2001,
}
@article{Gneiting:99,
   author =  {Gneiting, T.},
   title =   {Correlation functions for atmospheric data analysis},
   journal = {Quart. J. Roy. Meteor. Soc.},
   volume =  125,
   pages =   {2449--2464},
   year =    1999,
}
@article{Gl:66,
   author =  {Gleeson, T. A.},
   title =   {A causal relation for probabilities in synoptic meteorology},
   journal = {J. Appl. Meteor.},
   volume =  5,
   pages =   {365-368},
   year =    1966,
}
@article{Gl:67,
   author =  {Gleeson, T. A.},
   title =   {On theoretical limits of predictability},
   journal = {J. Appl. Meteor.},
   volume =  6,
   pages =   {355-359},
   year =    1967,
}
@article{Golaz:02a,
   author =  {Golaz, J.-C. and V. E. Larson and W. R. Cotton},
   title =   {A {PDF}-based model for boundary layer clouds. {Part I}: {M}ethod and model description},
   journal = {J. Atmos. Sci.},
   volume =  59,
   pages =  {3540--3551},
   year =   2002
}
@article{Golaz:02b,
   author =  {Golaz, J.-C. and V. E. Larson and W. R. Cotton},
   title =   {A {PDF}-based model for boundary layer clouds. {Part II}: {M}odel results},
   journal = {J. Atmos. Sci.},
   volume =  59,
   pages =  {3552--3571},
   year =   2002
}
@unpublished{Golaz:07,
   author =  {Golaz, J.-C. and V. E. Larson and J. A. Hansen and D. P. Schanen and B. M. Griffin},
   title =   {Elucidating model inadequacies in a cloud parameterization by use of an ensemble-based calibration framework},
   note = {manuscript},
   year =   2007
}
@article{Golding,
   author =  {Golding, B. W.},
   title =   {An efficient nonhydrostatic forecast model},
   journal = {Meteor. Atmos. Phys.},
   volume =  50,
   pages =  {89--103},
   year =   1992
}
@book{Golub:1996,
 author={Golub, G. H. and C. F. {Van Loan}},
 title={Matrix Computations},
 publisher={Johns Hopkins University Press, Baltimore},
 pages=694,
 year=1996,
 }
@article{Gombos:08,
   author =  {Gombos, D. and J. A. Hansen},
   title =   {Potential vorticity regression and it's relationship to dynamical piecewise inversion},
   journal = {Mon. Wea. Rev.},
   volume =  136,
   pages =  {2668--2682},
   year =   2008,
}
@article{Gombos:12,
   author =  {Gombos, D. and R. N. Hoffman and J. A. Hansen},
   title =   {Ensemble statistics for diagnosing dynamicsL {T}topical cyclone track forecasts sensitivities revealed by ensemble regression},
   journal = {Mon. Wea. Rev.},
   volume =  140,
   pages =  {2647--2669},
   year =   2012,
} 
@article{Gorska:08,
   author =  {G\'{o}rska, M. and J. Vil\'{a}-Guerau de Arellano and M. A. LeMone and C. C. van Heerwaarden},
   title =   {Mean and flux horizontal variability of virtual potential
temperature, moisture, and carbon dioxide: {A}ircraft observations and {LES} study},
   journal = {Mon. Wea. Rev.},
   volume =  136,
   pages =  {4435--4451},
   year =   2008
}
@article{Grabowski:01,
   author =  {Grabowski, W. W.},
   title =   {Coupling cloud processes with the large-scale dynamics using the cloud-resolving convection parameterization ({CRCP})},
   journal = {J. Atmos. Sci.},
   volume =  58,
   pages =  {978--997},
   year =   2001
}
@article{Grabow,
   author =  {Grabowski, W. W. and P. K. Smolarkiewicz},
   title =   {A multiscale model for meteorological research},
   journal = {Mon. Wea. Rev.},
   volume =  130,
   pages =  {939--956},
   year =   2002
}
@book{Greenbaum,
   author =  {Greenbaum, A.},
   title = {Iterative Methods for Solving Linear Systems},
   publisher = {Society of Industrial and Applied Mathematics, Philadelphia},
   pages =   {220},
   year = {1997}
}
@article{Grell:02,
   author =  {Grell, G. A. and D. Devenyi},
   title =   {A generalized approach to parameterizing convection combining ensemble and data assimilation techniques},
   journal = {Geophys. Res. Lett.},
   volume =  29,
   doi =  {10.1029/2002GL015311},
   year =   2002
}
@article{Grimit:02,
   author =  {Grimit, E. P. and C. F. Mass},
   title =   {Initial results of a mesoscale short-range ensemble forecasting system over the {P}acific {N}orthwest},
   journal = {Wea. and Forecast.},
   volume =  17,
   pages =  {192--205},
   year =   2002
}
@article{Guo:06,
   author =  {Guo, Z. and Coauthors},
   title =   {{GLACE: The Global LandÐAtmosphere Coupling Experiment. Part II: Analysis}},
   journal = {J. Hydrometeor.},
   volume =  7,
   pages =  {611--625},
   year =   2006
}

@book{HW:80,
   author =  {Haltiner, G. J. and R. T. Williams},
   title = {{N}umerical {P}rediction and {D}ynamic {M}eteorology},
   publisher = {John Wiley and Sons},
   year = {1980}
}
@article{Ha:03,
   author = {J. P. Hacker and S. Krayenhoff and R. Stull},
   title =  {Ensemble experiments on numerical weather prediction error and uncertainty for a {N}orth {P}acific forecast failure},
   journal = {Wea. Forecasting},
   pages =  {12-31},
   year = {2003}
}
@article{Ha:05,
   author = {Hacker, J. P. and C. Snyder},
   title =  {Ensemble {K}alman filter assimilation of fixed screen-height observations in a parameterized {PBL}},
   journal = {Mon. Wea. Rev.},
   pages =  {3260--3275},
   volume = 133,
   year = {2005}
}
@article{Ha:07a,
   author = {Hacker, J. P. and J. L. Anderson and M. Pagowski},
   title =  {Improved vertical covariance estimates for ensemble-filter assimilation of near-surface observations},
   journal = {Mon. Wea. Rev.},
   volume = 135,
   pages = {1021-1036},
   year = {2007}
}
@article{Ha:07b,
   author = {Hacker, J. P. and D. Rostkier-Edelstein},
   title =  {{PBL} state estimation with surface observations, a column model, and an ensemble filter},
   journal = {Mon. Wea. Rev.},
   volume = 135,
   pages = {2958--2972},
   year = {2007}
}
@article{Ha:07c,
   author = {Hacker, J. P. and D. Rife},
   title =  {A practical approach to sequential bias estimation of systematic error on near-surface mesoscale grids},
   journal = {Wea. and Forecast.},
   volume = 22,
   pages = {1257-1273},
   year = {2007}
}
@article{Hacker:10,
 AUTHOR={Hacker, Joshua P.}, 
 YEAR=2010,
 TITLE={Spatial and Temporal Scales of Boundary Layer Wind Predictability in Response to Small-Amplitude Land Surface Uncertainty},
 JOURNAL={J. Atmos. Sci.},
 VOLUME=67,
 PAGES={217Ð233},
 DOI={10.1175/2009JAS3162.1}
 }
@article{Ha:11a,
   author = {J. P. Hacker and S.-Y. Ha and C. Snyder and J. Berner and F. A. Eckel and E. Kuchera and M. Pocernich and S. Rugg. and J. Schramm and X. Wang},
   title =  {The {U.S.}\@ {A}ir {F}orce {W}eather {A}gency's mesoscale ensemble: {S}cientific description and performance results},
   journal = {Tellus},
   volume = {63A, \normalfont{this issue}},
   year = {2011}
}
@article{Ha:11b,
   author = {J. P. Hacker and C. Snyder and S.-Y. Ha and M. Pocernich},
   title =  {Linear and nonlinear response to parameter variations in a mesoscale model},
   journal = {Tellus},
   volume = {63A, \normalfont{this issue}},
   year = {2011}
}
@MISC{WRFSCM:2009,
        AUTHOR  = {Hacker, J. and W. Angevine and K. Arsenault},
        YEAR    = {2016},
        TITLE   = {Collaborative research and education with numerical weather prediction in a common environment enabled by software containers},
        NOTE    = {[Available online at http://www.mmm.ucar.edu/wrf/users/workshops/WS2009/presentations/5B-03.pdf]}
}
@MISC{Hacker-AMS:2016,
        AUTHOR  = {Hacker, J. and J. Exby and N. Chartier and I. Jimenez and C. Maltzahn and G. Mullendore},
        YEAR    = {2016},
        TITLE   = {Collaborative research and education with numerical weather prediction in a common environment enabled by software containers},
        NOTE    = {Available Online at https://ams.confex.com/ams/96Annual/webprogram/Paper288872.html}
}
@inproceedings{Hakim:2008,
   author={Hakim, G. J. and R. D. Torn},
   title={Ensemble Synoptic Analysis},
   booktitle = {Fred Sanders Monograph},
   editor    = {L. Bosart and H. Bluestein},
   pages =  {147--161},
   year =   2008,
   publisher={American Meteorological Society}
}
@article{Hart:04,
   author =  {Hart, K. A. and W. J. Steenburgh and D. J. Onton and A. J. Siffert},
   title =   {An Evaluation of mesoscale-model-based {M}odel {O}utput {S}tatistics ({MOS}) during the 2002 {O}lympic and {P}aralympic {W}inter {G}ames},
   journal = {Wea. and Forecast.},
   volume =  19,
   pages =   {200--218},
   year =    2004,
}
@article{HC:98,
   author =  {Hamill, T. M. and S. J. Colucci},
   title =   {Evaluation of {E}ta-{RSM} ensemble probabilistic precipitation forecasts},
   journal = {Mon. Wea. Rev.},
   volume =  126,
   pages =   {711--724},
   year =    1998,
}
@article{HamillEtAl:00,
   author =  {Hamill, T. M. and C. Snyder and R. E. Morss},
   title =   {A comparison of probabilistic forecasts from bred, singular-vector, and perturbed observation ensembles},
   journal = {Mon. Wea. Rev.},
   volume =  128,
   pages =   {1835--1851},
   year =    2000,
}
@article{HS:00,
   author =  {Hamill, T. M. and C. Snyder},
   title =   {A hybrid ensemble {K}alman filter-three-dimensional variational analysis scheme},
   journal = {Mon. Wea. Rev.},
   volume =  128,
   pages =   {2905--2919},
   year =    2000,
}
@article{HWS:01,
   author =  {Hamill, T. M. and J. Whitaker and C. Snyder},
   title =   {Distance-dependent filtering of background error covariance estimates in an ensemble {K}alman filter},
   journal = {Mon. Wea. Rev.},
   volume =  129,
   pages =   {2776--2790},
   year =    2001,
}
@article{Hamill:01,
   author =  {Hamill, T. M.},
   title =   {Interpretation of rank histograms for verifying ensemble forecasts},
   journal = {Mon. Wea. Rev.},
   volume =  129,
   pages =   {550--560},
   year =    2001,
}
@article{HS:02,
   author =  {Hamill, T. M. and C. Snyder},
   title =   {Using improved background error covariances from an ensemble {K}alman filter for adaptive observations},
   journal = {Mon. Wea. Rev.},
   volume =  130,
   pages =   {1552--1572},
   year =    2002,
}
@article{HeldSuarez:94,
   author =  {Held, I. M. and M. J. Suarez},
   title =   {A Proposal for the Intercomparison of the Dynamical Cores of Atmospheric General Circulation Models},
   journal = {Bull. Amer. Meteor. Soc.},
   volume =  75,
   pages =   {1825--1830},
   year =    1994,
}
@article{Hestenes,
   author =  {Hestenes, M. R. and E. Stiefel},
   title =   {Method of conjugate gradients for solving linear systems},
   journal = {J. Res. Nat. Bur. Stand.},
   volume =  49,
   pages =  {409--436},
   year =   1952
}
@inproceedings{Hoefler:2015,
  author={T. Hoefler and R. Belli},
  title={{Scientific Benchmarking of Parallel Computing Systems}},
  year={2015},
  month={Nov.},
  location={Austin, TX, USA},
  note={Accepted at IEEE/ACM International Conference on High Performance Computing, Networking, Storage and Analysis (SC15)},
  source={http://www.unixer.de/~htor/publications/},
}
@article{Hoke:76,
   author =  {Hoke, J. E. and R. A. Anthes},
   title =   {The initialization of numerical models by a dynamic-initialization technique},
   journal = {Mon. Wea. Rev.},
   volume =  104,
   pages =   {1551--1556},
   year =    1976,
}
@article{Holt:06,
   author =  {Holt, T. R. and D. Noyogi and F. Chen and K. Manning and M. Le{M}one and A. Qureshi},
   title =   {Effect of land-atmosphere interactions on the {IHOP} 24--25 {M}ay 2002 convection case},
   journal = {Mon. Wea. Rev.},
   volume =  134,
   pages =   {113--133},
   year =    2006,
}
@article{HP:96,
   author =  {Hong, S.-Y. and H.-L. Pan},
   title =   {Nonlocal boundary layer vertical diffusion in a medium-range forecast model},
   journal = {Mon. Wea. Rev.},
   volume =  124,
   pages =   {2322--2339},
   year =    1996,
}
@article{Hong:04,
   author =  {Hong, S.-Y. and J. Dudhia and S.-H. Chen},
   title =   {A revised approach to ice microphysical processes for the bulk parameterization of clouds and precipitation},
   journal = {Mon. Wea. Rev.},
   volume =  132,
   pages =   {103--120},
   year =    2004,
}
@article{Hong:06,
   author =  {Hong, S.-Y. and Y. Noh and J. Dudhia},
   title =   {A new vertical diffusion package with explicit treatment of entrainment},
   journal = {Mon. Wea. Rev.},
   volume =  134,
   pages =   {2318--2341},
   year =    2006,
}
@article{HD:95,
   author =  {Houtekamer, P. L. and J. Derome},
   title =   {Methods for ensemble prediction},
   journal = {Mon. Wea. Rev.},
   volume =  123,
   pages =   {2181--2196},
   year =    1995,
}
@article{Ho:01,
   author = {Hou, D. and E. Kalnay and K.K. Drogemeier},
   title =  {Objective verification of the {SAMEX} '98 ensemble experiments},
   journal = {Mon. Wea. Rev.},
   volume =  129,
   pages =   {73--91},
   year = 2001,
}
@article{HM:98,
   author =  {Houtekamer, P. L. and H. L. Mitchell},
   title =   {Data assimilation using an ensemble {K}alman filter technique},
   journal = {Mon. Wea. Rev.},
   volume =  126,
   pages =   {796--811},
   year =    1998,
}
@article{HL:97,
   author =  {Houtekamer, P. L. and L. Lefaivre},
   title =   {Using ensemble forecasts for model validation},
   journal = {Mon. Wea. Rev.},
   volume =  125,
   pages =   {2416--2426},
   year =    1997,
}
@article{Ho:96,
   author =  {Houtekamer, P. L. and L. Lefaivre and J. Derome and H. Ritchie and H. L. Mitchell},
   title =   {A system simulation approach to ensemble prediction},
   journal = {Mon. Wea. Rev.},
   volume =  124,
   pages =   {1225--1242},
   year =    1996,
}
@article{HM:01,
   author =  {Houtekamer, P. L. and H. L. Mitchell},
   title =   {A sequential ensemble {K}alman filter for atmospheric data assimilation},
   journal = {Mon. Wea. Rev.},
   volume =  129,
   pages =   {123--137},
   year =    2001,
}
Houtekamer, P. L. and Mitchell, H. L. (2005), Ensemble Kalman filtering. Q.J.R. Meteorol. Soc., 131: 3269Ð3289. doi: 10.1256/qj.05.135
@article{HM:05,
   author =  {Houtekamer, P. L. and H. L. Mitchell},
   title =   {Ensemble {K}alman filtering},
   journal = {Quart. J. Royal. Meteor. Soc.},
   volume =  131,
   pages =   {3269--3289},
   doi= {10.1256/qj.05.135},
   year =    2005,
}
@article{Ho:05,
   author =  {Houtekamer, P. L. and H. L. Mitchell and G. Pellerin and M. Buehner and M. Charron and L. Spacek and B. Hansen},
   title =   {Atmospheric data assimilation with an ensemble {K}alman filter: {R}esults with real observations},
   journal = {Mon. Wea. Rev.},
   volume =  133,
   pages =   {604--620},
   year =    2005,
}
@article{Hsu:06,
   author =  {Hsu, H.-M. and M. W. Moncrieff and W.-W. Tung and C. Liu},
   title =   {Multiscale temporal variability of warm-season precipitation over {N}orth {A}merica: {S}tatistical analysis of radar measurements},
   journal = {J. Atmos. Sci.},
   volume =  63,
   pages =   {2355--2368},
   year =    2006,
}
@article{Hu:10,
   author =  {Hu, X.-M. and J. W. Nielsen-Gammon and  and F. Zhang},
   title =   {Evaluation of three planetary boundary layer schemes in the {WRF} model},
   journal = {J. Appl. Meteor. Climatol.},
   volume = 49,
   pages = {1831--1844},
   doi = {doi:10.1175/2010JAMC2432.1},
   year =    2010,
}
@article{Jacks:90,
   author =  {Jacks, E. and J. B. Bower and V. J. Dagostaro and J. P. Dallaville and M. C. Erickson and J. C. Su},
   title =   {New {NGM}-based {MOS} guidance for maxima and minima temperature, probability of precipitation, cloud amount, and surface wind},
   journal = {Wea. and Forecast.},
   volume =  5,
   pages =   {128--138},
   year =    1990,
}
@article{Jackson:04,
   author =  {Jackson, C. and M. K. Sen and P. L. Stoffa},
   title =   {An efficient stochastic {B}ayesian approach to optimal parameter and uncertainty estimation for climate model prediction},
   journal = {J. Climate},
   volume =  17,
   pages =   {2828--2841},
   year =    2004,
}
@inproceedings{Janjic:96,
   author = {Janji\'{c}, Z. I.},
   title = {The surface layer in the {NCEP} {E}ta {M}odel},
   booktitle = {Eleventh Conference on Numerical Weather Prediction, Norfolk, VA,August 1996},
   publisher = {American Meteorological Society, Boston, MA},
   pages = {354--355}
}
@techreport{Janjic:01,
   author =  {Janji\'{c}, Z. I.},
   title =   {Nonsingular implementation of the {M}ellor-{Y}amada level 2.5 scheme in the {NCEP} meso model},
   institution = {National Centers for Environmental Prediction Office Note},
   number =  {437},
   year =    2001,
   pages=61,
}
@article{Janjic:94,
   author =  {Janji\'{c}, Z. I.},
   title =   {The step-mountain {E}ta coordinate model: {F}urther developments of the convection, viscous sublayer, and turbulence closure schemes},
   journal = {Mon. Wea. Rev.},
   volume =  {122},
   pages =   {927--945},
   year =    1994,
}
@article{Janjic:03,
   author =  {Janji\'{c}, Z. I.},
   title =   {A nonhydrostatic model based on a new approach},
   journal = {Meteor. Atmos. Phys.},
   volume =  {82},
   pages =   {271--285},
   year =    2003,
}
@article{Ja:99,
   author =  {J\"{a}rvinen, H. and E. Andersson and F. Bouttier},
   title =   {Variational assimilation of time sequences of surface observations with serially correlated errors},
   journal = {Tellus},
   volume =  {51A},
   pages =   {469--488},
   year =    1999,
}
@INPROCEEDINGS{Jimenez1605:Characterizing,
AUTHOR="I. Jimenez and C. Maltzahn and J. Lofstead and A. Moody and K.
Mohror and R. Arpaci-Dusseau and A. Arpaci-Dusseau",
TITLE="Characterizing and Reducing {Cross-Platform} Performance Variability Using
{OS-level} Virtualization",
BOOKTITLE="The First IEEE International Workshop on Variability in Parallel and
Distributed Systems (VarSys 2016) (VarSys 2016)",
ADDRESS="Chicago, USA",
DAYS=23,
MONTH=may,
YEAR=2016,
ABSTRACT="Independent validation of experimental results in the field of parallel and
distributed systems research is a challenging task, mainly due to changes
and differences in software and hardware in computational environments. In
particular, when an experiment runs on different hardware than the one
where it originally executed, predicting the differences in results is
difficult. In this paper, we initially focus in single-node performance
variability, since it is the fundamental building block in distributed and
parallel settings. We introduce an architecture-independent method for
characterizing the performance of a machine by obtaining a profile (a
vector of microbenchark results) that we use to quantify the variability
between two hardware platforms. We propose the use of isolation features
that OS-level virtualization offers to reduce the performance variability
observed when validating application performance across multiple machines.
Our results show that, using our variability characterization methodology,
we can correctly predict the variability bounds of CPU-intensive
applications, as well as reduce it by up to 2.8x if we make use of CPU
bandwidth limitations, depending on the opcode mix of an application, as
well as generational and architectural differences between two hardware
platforms."
}
@book{Jolliffe:03,
   author =  {Jolliffe, I. T. and D. B. Stephenson},
   title = {Forecast verification: A practitioner's guide in atmospheric science},
   publisher = {John Wiley and Sons, Chichester},
   pages =   {240},
   year =    2003,
}
@article{Kadogliu,
   author =  {Kadogliu, H. and S. Mudrick},
   title =   {On the implementation of the {GMRES}($m$) method to
elliptic equations in meteorology},
   journal = {J. Comput. Phys.},
   volume =  102,
   pages =  {348--359},
   year =   1992
}
@article{Kain90,
   author =  {Kain, J. S. and J. M. Fritsch},
   title =   {A one-dimensional entraining/detraining plume model and its application in convective parameterization},
   journal = {J. Atmos. Sci.},
   volume =  47,
   pages =  {2784--2802},
   year =   1990
}
@article{Kain04,
   author =  {Kain, J. S.},
   title =   {The {K}ain-{F}ritsch convective parameterization: {A}n update},
   journal = {J. Appl. Meteor.},
   volume =  43,
   pages =  {170--181},
   year =   2004
}
@article{KB:61,
   author =  {Kalman, R. E. and R. S. Bucy},
   title =   {New results in linear filtering and prediction theory},
   journal = {J. Basic Engrg.},
   volume =  83,
   pages =   {95--108},
   year =    1961,
}
@article{Ka:00,
   author =  {Kalnay, Eugenia and S. K. Park and Z.-X. Pu and and J. Gao},
   title =   {Application of the quasi-inverse method to data assimilation},
   journal = {Mon. Wea. Rev.},
   volume =  128,
   pages =   {864--875},
   year =    2000,
}
@article{Ka:98,
   author =  {Kalnay, Eugenia and S. J. Lord and R. D. McPherson},
   title =   {Maturity of Operational Numerical Weather Prediction: Medium Range},
   journal = {Bull. Amer. Meteor. Soc.},
   volume =  79,
   pages =   {2753--2892},
   year =    1998,
}
@article{Kapitza,
   author =  {Kapitza, H. and  D. P. Eppel},
   title =   {The nonhydrostatic mesoscale model {GESIMA}. {P}art {I}:
{D}ynamical equations and tests},
   journal = {Beitr. Phys. Atmos.},
   volume =  65,
   pages =  {129--146},
   year =   1992
}
@article{Keppenne:02,
   author =  {Keppenne, C. L. and M. M. Rienecker},
   title =   {Initial testing of a massively parallel ensemble {K}alman filter with the {P}oseidon isopycnal ocean general circulation model},
   journal = {Mon. Wea. Rev.},
   volume =  130,
   pages =   {2591--2965},
   year =    2002,
}
@article{Kiehl:98,
   author =  {Kiehl, J. T. and J. J. Hack and G. B. Bonan and B. A. Boville and D. L. Williamson and P. J. Rasch},
   title =   {The {N}ational {C}enter for {A}tmospheric {R}esearch {C}ommunity {C}limate {M}odel: {CCM3}},
   journal = {J. Climate},
   volume =  11,
   pages =   {1131--1150},
   year =    1998,
}
@article{Kleeman:02,
   author =  {Kleeman, R.},
   title =   {Measuring dynamical prediction utility using relative entropy},
   journal = {J. Atmos. Sci.},
   volume =  59,
   pages =   {2057--2072},
   year =    2002,
}
@article{Kleist:09,
   author =  {Kleist, D. T. and D. F. Parrish and J. C. Derber and R. Treadon and W.-S. Wu and S. Lord},
   title =   {Introduction of the {GSI} into the {NCEP} {G}lobal {D}ata {A}ssimilation System},
   journal = {Wea. and Forecast.},
   volume =  24,
   pages =   {1691--1705},
   year =    2009,
}
@article{Knievel:07,
   author =  {Knievel, J. C. and G. H. Bryand and J. P. Hacker},
   title = {Explicit numerical diffusion in the {WRF} model},
   journal = {Mon. Wea. Rev.},
   volume =  135,
   pages =   {3808--3824},
   year =    2007,
}
@article{Kr:00,
   author =  {Krishnamurti, T. N. and C. M. Kishtawal and Z. Zhang and T. LaRow and D. Bachiochi and E. Williford and S. Gadgil and S. Surendran},
   title =   {Multimodel Ensemble Forecasts for Weather and Seasonal Climate},
   journal = {J. Climate},
   volume =  13,
   pages =   {4196--4216},
   year =    2000,
}
@article{Koster:06,
   author =  {Koster, R. D. and Coauthors},
   title =   {{GLACE: The Global LandÐAtmosphere Coupling Experiment. Part I: Overview}},
   journal = {J. Hydrometeor.},
   volume =  7,
   pages =   {590--610},
   year =    2006,
}
@article{KR:96,
   author =  {Kumar, N. and A. G. Russell},
   title = {Comparing prognostic and diagnostic meteorological fields and their impacts on photochemical air quality modeling},
   journal = {Atmos. Environ.},
   volume =  12,
   pages =   {1989--2010},
   year =    1996,
}
@article{Kuo:91,
   author =  {Kuo, Y.-H. and R. J. Reed and S. Low-Nam},
   title = {Effects of surface energy fluxes during the early development and rapid intensification stages of seven explosive cyclones in the western {A}tlantic},
   journal = {Mon. Wea. Rev.},
   volume =  119,
   pages =   {457--476},
   year =    1991,
}
@article{Lafore,
   author =  {Lafore, J. P. and J. Stein and N. Asencio and P. Bougeault and
V. Ducrocq and J. Duron and C. Fischer and P. H\'ereil and P. Mascart and
V. Masson and J. P. Pinty and J.L. Redelsperger and E. Richard and
J. Vil\`a--Guerau de Arellano},
   title =   {The {Meso}--{NH} atmospheric modeling system. {P}art {I}:
adiabatic formulation and control simulations},
   journal = {Ann. Geophys.},
   volume =  16,
   pages =  {90--109},
   year =   1998
}
@article{Laprise:03,
   author =  {Laprise, R.},
   title =   {Resolved scales and nonlinear interactions in limited-area models},
   journal = {J. Atmos. Sci.},
   volume =  {60},
   pages =   {768--779},
   year =    2003
}
@article{Laprise97,
   author =  {Laprise, R. and D. Caya and G. Bergeron and M. Gigu\`ere},
   title =   {The formulation of the {A}ndr\'e {R}obert {MC2}
({M}esoscale {C}ompressible {C}ommunity) model},
   journal = {Atmos.---Ocean},
   volume =  {XXXV},
   pages =   {127--152},
   year =    1997
}
@article{Larson:01,
   author =  {Larson, V. E. and R. Wood and P. R. Field and J.-C. Golaz and T. H. Vonder Harr and W. R. Cotton},
   title =   {Small-scale and mesoscale variability of scalars in cloudy boundary layers: {O}ne-dimensional probability density functions},
   journal = {J. Atmos. Sci.},
   volume =  58,
   pages =   {1978--1994},
   year =    2001,
}
@article{Larson:02,
   author =  {Larson, V. E. and J.-C. Golaz and W. R. Cotton},
   title =   {Small-scale and mesoscale variability of scalars in cloudy boundary layers: {J}oint probability density functions},
   journal = {J. Atmos. Sci.},
   volume =  59,
   pages =   {3519--3539},
   year =    2002,
}
@article{Langland:99,
   author =  {R. H. Langland and Z. Toth and R. Gelaro and I. Szunyogh and M. A. Shapiro and S. J. Majumdar and R. E. Morss and G. D. Rohaly and C. Velden and N. Bond and C. H. Bishop},
   title =   {The {N}orth {P}acific {E}xperiment ({NORPEX}-98): {T}argeted Observations for Improved North American Weather Forecasts},
   journal = {Bull. Amer. Meteor. Soc.},
   volume =  {80},
   pages =   {1363--1384},
   doi = {10.1175/1520-0477(1999)080<1363:TNPENT>2.0.CO;2},
   year =    1999,
}
@article{Langland:04,
   author =  {R. H. Langland and N. L. Baker},
   title =   {Estimation of observation impact using the NRL atmospheric variational data assimilation adjoint system},
   journal = {Tellus},
   volume =  {56A},
   pages =   {189--201},
   year =    2004,
}
@article{Le:01,
   author =  {Leidner, S. M. and D. R. Stauffer and N. L. Seaman},
   title =   {Improving short-term numerical weather prediction in the {California} coastal zone by dynamic initialization of the marine boundary layer},
   journal = {Mon. Wea. Rev.},
   volume =  129,
   pages =   {275--293},
   year =    2001,
}
@article{Le:74,
   author =  {Leith, C. E.},
   title =   {Theoretical skill of Monte Carlo forecasts},
   journal = {Mon. Wea. Rev.},
   volume =  102,
   pages =   {409--418},
   year =    1974,
}
@article{Lemone:08,
   author =  {Le{M}one, M. and M. Tewari and F. Chen and J. Alfieri and D. Niyogi},
   title =   {Evaluation of the {N}oah land-surface model using data from a fair-weather {IHOP}\_2002 day with heterogeneous surface fluxes},
   journal = {Mon. Wea. Rev.},
   volume =  136,
   pages =   {4915--4941},
   year =    2008,
}
@article{Levy:01,
   author =  {Levy, G. and M. B. Ek},
   title =   {The simulated response of the marine atmospheric boundary layer in the western Pacific warm pool region to surface flux forcing},
   journal = {J. Geophys. Res.},
   volume =  106,
   pages =   {7229--7241},
   year =    2001,
}
@article{LK:72,
   author =  {Leith, C. E. and R. H. Kraichnan},
   title =   {Predictability of turbulent flows},
   journal = {J. Atmos. Sci.},
   volume =  29,
   pages =   {1041--1052},
   year =    1974,
}
@article{Leslie,
   author =  {Leslie, L. M. and B. J. McAvaney},
   title =   {Comparative test of direct and iterative methods for solving 
{H}elmholtz-type equations},
   journal = {Mon. Wea. Rev.},
   volume =  101,
   pages =  {235--239},
   year =   1973
}
@article{LN:90,
   author =  {Leung, L.-Y. and G. North},
   title =   {Information theory and climate prediction},
   journal = {J. Climate},
   volume =  3,
   pages =  {5--14},
   year =   1990
}
@article{Lin:83,
  author = {Lin, Y.-L. and R. D. Farley and H. D. Orville}, 
  year = 1983,
  title = { Bulk parameterization of the snow field in a cloud model},
  journal = {J. Climate Appl. Meteor.},
  volume =  22,
  pages = {1065--1092}
 } 
@article{Liu:05,
   author =  {Liu, Y. and F. Chen and T. Warner and J. Basura},
   title =   {Verification of a mesoscale data assimilation and forecasting system for the {O}klahoma {C}ity are during the {J}oint {U}rban 2003 field project}, 
   journal = {J. Climate Appl. Meteor.},
   volume = {45},
   pages = {912--929},
   year =   2006
}
@article{Livezey:83,
   author =  {Livezey, R. and W. Chen},
   title =   {Statistical field significance and its determination by {M}onte {C}arlo techniques},
   journal = {Mon. Wea. Rev.},
   volume = {111},
   pages = {46--59},
   year =   1983
}
@article{Long,
   author =  {Long, R. R.},
   title =   {Some aspects of the flow of stratified fluids {I}:
{A} theoretical investigation},
   journal = {Tellus},
   volume =  5,
   pages =  {42--58},
   year =   1953
}
@article{Lord:84,
   author =  {Lord, R. J. and W. P. Menzel and L. E. Pecht},
   title =   {{ACARS} wind measurements: {A}n intercomparison with radiosonde, cloud motion, and {VAS} thermally derived winds},
   journal = {J. Atmos. Ocean. Tech.},
   volume =  1,
   pages =  {131--137},
   year =   1984
}
@article{Lorenc:03,
   author =  {Lorenc, A. C.},
   title =   {The potential of the ensemble {K}alman filter for {NWP}---{A} comparison with 4{D-VAR}},
   journal = {Quart. J. Roy. Meteor. Soc.},
   volume =  129,
   pages =   {3183--3203},
   year =    2003,
}
@article{Lo:60,
   author =  {Lorenz, E. N.},
   title =   {Maximum simplification of the dynamic equations},
   journal = {Tellus},
   volume =  12,
   pages =   {243--254},
   year =    1960,
}
@article{Lo:63,
   author =  {Lorenz, E. N.},
   title =   {Deterministic nonperiodic flow},
   journal = {J. Atmos. Sci.},
   volume =  20,
   pages =   {130--141},
   year =    1963,
}
@article{Lo:65,
   author =  {Lorenz, E. N.},
   title =   {A study of the predictability of a 28-variable atmospheric model},
   journal = {Tellus},
   volume =  17,
   pages =   {321--333},
   year =    1965,
}
@article{Lo:69,
   author =  {Lorenz, E. N.},
   title =   {The predictability of a flow which possesses many scales of motion},
   journal = {Tellus},
   volume =  21,
   pages =   {289--307},
   year =    1969,
}
@inproceedings{Lo:95,
   author =  {Lorenz, E.~N.},
   title =   {Predictability --- a problem partly solved},
   booktitle = {Seminar on Predictability},
   publisher = {{ECMWF}},
   year =    1995,
}
@article{Lo:82,
   author =  {Lorenz, E. N.},
   title =   {Atmospheric predictability experiments with a large numerical model},
   journal = {Tellus},
   volume =  34,
   pages =   {505--513},
   year =    1982,
}
@article{Lo:05,
   author =  {Lorenz, E. N.},
   title =   {Designing chaotic models},
   year = 2005,
   journal = {J. Atmos. Sci.},
   volume =  62,
   pages =   {1574--1587},
}
@article{Louis,
   author =  {Louis, J.-F.},
   title =   {A parametric model of vertical eddy fluxes in the atmosphere},
   journal = {Bound.-Layer Meteor.},
   volume =  17,
   pages =  {187--202},
   year =   1979
}
@article{Lynch,
   author =  {Lynch, R. E. and J. R. Rice and D. H. Thomas},
   title =   {Direct solution of partial difference equations by
tensor product methods},
   journal = {Numer. Math.},
   volume =  6,
   pages =  {185--199},
   year =   1964
}
@article{Lynn:01,
   author =  {Lynn, B. H. and D.R. Stauffer and P. J. Wetzel and W. K. Tao and P. Alpert and N. Perlin and R. D. Baker and R. Munoz and A. Boone and Y. Jia},
   title =   {Mesoscale simulations},
   journal = {Mon. Wea. Rev.},
   volume =  129,
   pages =  {1441--1461},
   year =   2001
}
@techreport{Machenhauer72,
   author =  {Machenhauer, B. and R. Daley},
   title =   {A baroclinic primitive equation model with a
spectral representation in three dimensions},
   institution = {Institute of Theoretical Meteorology, 
University of Copenhagen},
   number =  {4},
   year =   1972
}
@article{Mahfouf:87,
   author =  {J.-F. Mahfouf and E. Richard and P. Mascart},
   title =   {The influence of soil and vegetation on the development of mesoscale circulations},
   journal = {J. Appl. Meteor.},
   volume =  26,
   pages =   {1483--1495},
   year =    1987,
}
@article{Mahfouf:91,
   author =  {J.-F. Mahfouf},
   title =   {Analysis of soil moisture from near-surface parameters: {A} feasibility study},
   journal = {J. Appl. Meteor.},
   volume =  30,
   pages =   {1534--1547},
   year =    1991,
}
@article{Marg:01,
   author =  {Margulis, S. A. and D. Entekhabi},
   title =   {Feedback between the land surface energy balance and atmospheric boundary layer diagnosed through a model and its adjoint},
   journal = {J. Hydrometeor.},
   volume =  {2},
   pages =  {599--620},
   year = 2001
}
@article{Marg:03,
   author =  {Margulis, S. A. and D. Entekhabi},
   title =   {Variational assimilation of radiometric surface temperature and reference-level micrometeorology into a model of the atmospheric boundary layer and land surface},
   journal = {Mon. Wea. Rev.},
   volume =  {131},
   pages =  {1272--1288},
   year = 2003
}
@article{Marshall97a,
   author =  {Marshall, J. A. and C. Hill and L. Perelman and A. Adcroft},
   title =   {Hydrostatic, quasi-hydrostatic and nonhydrostatic ocean modeling},
   journal = {J. Geophys. Res.},
   volume =  {102},
   pages =  {5733--5752},
   year =   1993
}
@article{MP:48,
   author =  {Marshall, J. S. and W. M. Palmer},
   title =   {The distribution of raindrops with size},
   journal = {J. Meteor.},
   volume =  {5},
   pages =  {165--166},
   year =   1948
}
@article{Martin:06,
   author =  {Martin, W. J. and M. Xue},
   title =   {Sensitivity analysis of convection of the 24 {M}ay 2002 {IHOP} case using very large ensembles},
   journal = {Mon. Wea. Rev.},
   volume =  134,
   pages =   {192--207},
   year =    2006,
}
@article{Martin:02,
   author =  {Martin, M.J. and M.J. Bell and K.N. Nichols},
   title =   {Estimation of systematic error in an equatorial ocean model using data assimilation},
   journal = {Int. J. Numer. Meth. Fluids},
   volume =  40,
   pages =   {435--444},
   year =    2002,
}
@article{Mason:82,
   author =  {Mason, I.},
   title =   {A model for assessment of weather forecasts},
   journal = {Aust. Meteorol. Mag.},
   volume =  30,
   pages =   {291--303},
   year =    1982,
}
@article{Mason:99,
   author =  {Mason, S. J. and N. E. Graham},
   title =   {Conditional probabilities, relative operating characteristics, and relative operative levels},
   journal = {Wea. Forecasting},
   volume =  14,
   pages =   {713--725},
   year =    1999,
}
@article{Mass:98,
   author =  {Mass, C. F. and Y.-H. Kuo},
   title =   {Regional real-time numerical weather prediction: {C}urrent status and future potential},
   journal = {Bull. Amer. Meteor. Soc.},
   volume =  {79},
   pages =  {253--263},
   year = 1998
}
@article{MC:02,
   author =  {Mc{C}aul, E. W. and C. Cohen},
   title =   {The impact on simulated storm structure and intensity of variations in the mixed layer and moist layer depths},
   journal = {Mon. Wea. Rev.},
   volume =  130,
   pages =   {1722--1748},
   year =    2002,
}
@Article{McNider-etal95,
  AUTHOR =       {McNider, R. T. and England, D. E. and Friedman, M. K. and Shi, X.},
  TITLE =        {Predictability of the Stable Atmospheric Boundary Layer},
  JOURNAL =      {J. Atmos. Sci.},
  YEAR =         {1995},
  volume =       {52},
  pages =        {1602-1614},
}
@Article{Mera:06,
  author =       {Mera, R. J. and D. Niyogi and G. S. Buol and G. G. Wilkerson and F. H. M. Semazzi},
  title =        {Potential Individual Versus Simultaneous Climate Change Effects on Soybean (C3) and Maize (C4) Crops: An Agrotechnology Model Based Study},
  journal =      {Global and Planetary Change},
  volume =       54,
  pages =        {163--182},
  year =         2006,
}
@article{MY:82,
   author =  {Mellor, G. L. and T. Yamada},
   title =   {Development of turbulence closure model for geophysical fluid problems},
   journal = {Rev. Geophys. Space Phys.},
   volume =  20,
   pages =   {851--875},
   year =    1982,
}
@article{Meng:2008,
   author =  {Meng, Z. and F. Zhang},
   title =   {Tests of an Ensemble {K}alman Filter for Mesoscale and Regional-Scale Data Assimilation. {Part IV}: {C}omparison with {3DVAR} in a month-long experiment},
   journal = {Mon. Wea. Rev.},
   volume =  {136},
   pages =   {3671--3682},
   year =    2008,
}
@article{MB:92,
   author =  {Miller, P. A. and S. G. Benjamin},
   title =   {A system for the hourly assimilation of surface observations in mountainous and flat terrain},
   journal = {Mon. Wea. Rev.},
   volume =  120,
   pages =   {2342--2359},
   year =    1992,
}
@article{Miller:99,
   author =  {Miller, R. N. and E. F. {Carter Jr.} and S. T. Blue}, 
   title =   {Data assimilation into nonlinear stochastic models},
   journal = {Tellus},
   volume =  {51A},
   pages =   {167--194},
   year =    1999,
}
@article{MH:00,
   author =  {Mitchell, H. L. and P. L. Houtekamer},
   title =   {An adaptive ensemble {K}alman filter},
   journal = {Mon. Wea. Rev.},
   volume =  128,
   pages =   {416--433},
   year =    2000,
}
@article{MHP:02,
   author =  {Mitchell, H. L. and P. L. Houtekamer and G. Pellerin},
   title =   {Ensemble size, balance, and model-error representation in an ensemble {K}alman filter},
   journal = {Mon. Wea. Rev.},
   volume =  130,
   pages =   {2791--2808},
   year =    2002,
}
@article{Miyoshi:10,
  author={Miyoshi, T. and Y. Sato and T. Kadowaki},
  year={2010},
  title={Ensemble {K}alman filter and {4D-Var} intercomparison with the {J}apanese operational global analysis and prediction system},
  journal={Mon. Wea. Rev.},
  volume={138},
  doi={10.1175/2010MWR3209.1},
  pages={2846--2866},
}
@article{Mlawer:97,
   author =  {Mlawer, E. J. and S. J. Toubman and P. D. Brown and M. J. Iacono and S. A. Clough},
   title =   {Radiative transfer for inhomogeneous atmosphere: {RRTM}, a validated correleted-k model for the long-wave},
   journal = {J. Geophys, Res.},
   volume =  {102D},
   pages =   {16663--16682},
   year =    1997,
}
@inproceedings{Mitchell:00,
   author =  {Mitchell, K.},
   title =   {Recent {GCIP}-sponsored advancements in coupled land-surface modeling and data assimilation in the {NCEP} {E}ta mesoscale model},
   booktitle = {Fifteenth Conference on Hydrology, Long Beach, CA, January, 2000},
   year =    2000,
   note = {Available from the AMS web site},
}
@article{Moeng:94,
   author =  {Moeng, C. H. and P. P. Sullivan},
   title =   {A comparison of shear and buoyancy-driven planetary boundary layer flows},
   journal = {J. Atmos. Sci.},
   volume =  51,
   pages =   {999--1022},
   year =    1994,
}
@article{ME:02,
   author =  {Morss, R. E. and K. A. Emanuel},
   title =   {Influence of added observations on analysis and forecast errors: {R}esults from idealized systems},
   journal = {Quart. J. Roy. Meteor. Soc.},
   volume =  128,
   pages =   {285--321},
   year =    2002,
}
@article{MB:94,
   author =  {Mullen, S. L. and D. P. Baumhefner},
   title =   {Monte Carlo simulations of explosive cyclogenesis},
   journal = {Mon. Wea. Rev.},
   volume =  122,
   pages =   {1548--1567},
   year =    1994,
}
@article{MB:88,
   author =  {Mullen, S. L. and D. P. Baumhefner},
   title =   {The sensitivity of numerical simulations of explosive oceanic cyclogenesis to changes in physics parameterizations},
   journal = {Mon. Wea. Rev.},
   volume =  116,
   pages =   {2289--2339},
   year =    1988,
}
@article{MB:89,
   author =  {Mullen, S. L. and D. P. Baumhefner},
   title =   {The impact of initial condition uncertainty on numerical simulations of large-scale explosive cyclogenesis},
   journal = {Mon. Wea. Rev.},
   volume =  117,
   pages =   {2800--2821},
   year =    1989,
}
@article{Mu:93,
   author =  {Mureau, R. and F. Molteni and T. N. Palmer},
   title =   {Ensemble prediction using dynamically conditioned perturbations},
   journal = {Quart. J. Roy. Meteor. Soc.},
   volume =  119,
   pages =   {299--323},
   year =    1993,
}
@article{MurphyJM:04,
   author =  {Murphy, J. M. and D. M. H. Sexton and D. N. Barnett and G. S. Jones and M. J. Webb and M. Collins and D. A. Stainforth},
   title =   {Quantification of of modelling uncertainties in a large ensemble of climate change simulations},
   journal = {Nature},
   volume =  430,
   pages =   {768--772},
   year =    2004,
}
@article{MurphyJM:88,
   author =  {Murphy, J. M.},
   title =   {The impact of ensemble forecasts on predictability},
   journal = {Quart. J. Roy. Meteor. Soc.},
   volume =  114,
   pages =   {463--493},
   year =    1988,
}
@article{Murphy:73,
   author =  {Murphy, A. H.},
   title =   {A new vector partition of the probability score},
   journal = {J. Appl. Meteor.},
   volume =  12,
   pages =   {595--600},
   year =    1973,
}
@article{Murphy:93,
   author =  {Murphy, A. H.},
   title =   {What is a good forecast? {A}n essay on the nature of goodness in weather forecasting},
   journal = {Wea. and Forecast.},
   volume =  8,
   pages =   {281--293},
   year =    1993,
}
@article{Murphy:88,
   author =  {Murphy, A. H.},
   title =   {Skill scores based on the mean square error and their relationships to the correlation coefficient},
   journal = {Mon. Wea. Rev.},
   volume =  116,
   pages =   {2417--2424},
   year =    1988,
}
@article{Navon,
   author =  {Navon, I. M. and Y. Cai},
   title =   {Domain decomposition and parallel processing of a finite element model of the shallow water equations},
   journal = {Comput. Methods Appl. Mech. \& Eng.},
   volume =  106,
   pages =   {179--212},
   year =    1993,
}
@article{NG:10,
   author =  {Nielsen-Gammon, J. W. and X.-M. Hu and F. Zhang and J. E. Pleim},
   title =   {Evaluation of planetary boundary layer scheme sensitivities for the purpose of parameter estimation},
   volume = 138,
   pages = {3400--3417},
   doi = {doi:10.1175/2010MWR3292.1},
   year =    2010,
}
@article{Niyogi:99,
   author =  {Niyogi, D. S. and S. Raman and K. Alapaty},
   title =   {Uncertainty in the specification of surface characteristics, {P}art {II}: {H}ierarchy of interaction-explicit statistical analyses},
   journal = {Bound.-Layer Meteor.},
   volume = 91,
   pages =   {341--366},
   year =    1999,
}
@article{Noh:03,
   author =  {Noh, Y. and W. G. Cheon and S. Y. Hong and S. Raasch},
   title =   {Improvement of the $K$-profile model for the planetary boundary layer based on large eddy simulation data},
   journal = {Bound.-Layer Meteor.},
   volume = 107,
   pages =   {401--427},
   year =    2003,
}
@article{Nu:04,
   author =  {Nutter, P. and D. Stensrud and M. Xue}, 
   title =   {Effects of coarsely-resolved and temporally-interpolated lateral boundary conditions on the dispersion of limited-area ensemble forecasts},
   journal = {Mon. Wea. Rev.},
   volume = 132,
   pages =   {2358--2377},
   year =    2004,
}
@unpublished{NS:ma,
   author = {Nychka, D. and G. Sneddon},
   title =  {Approximating posterior distributions in ensemble forecasting},
   note =   {Manuscript},
}
@unpublished{Ny:99,
   author = {Nychka, D. and C. Wilke and J. A. Royle},
   title =  {Large spatial prediction problems and nonstationary random fields},
   note =   {Manuscript},
   year = 1999,
}
@article{Ol:95,
   author =  {Olson, D. A. and N. W. Junker and B. Korty},
   title =   {Evaluation of 33 years of quantitative precipitation forecasting at the NMC},
   journal = {Wea. Forecasting},
   volume =  10,
   pages =   {498--511},
   year =    1995,
}
@article{OD:95,
   author =  {Oncley, S. P. and J. Dudhia},
   title =   {Evaluation of surface fluxes from {MM5} using observations},
   journal = {Mon. Wea. Rev.},
   volume =  123,
   pages =   {3344--3357},
   year =    1995,
}
@article{Or:01,
   author =  {Orrell, D. and L. Smith and J. Barkmeijer and T. Palmer},
   title =   {Model error in weather forecasting},
   journal = {Nonlinear Processes Geophys.},
   year =    2001,
   volume =  8,
   pages =   {357--371},
}
@article{Otte:01,
   author =  {Otte, T. L. and N. L. Seaman and D. R. Stauffer}, 
   title =   {A heuristic study on the importance of asisotropic error distributions in data assimilation},
   journal = {Mon. Wea. Rev.},
   year =    2001,
   volume =  129,
   pages =   {766--783},
}
@inproceedings{Pagowski:04,
   author =  {Pagowski, M.},
   title = {Some comments on {PBL} parameterizations in {WRF}},
   booktitle = {Joint WRF/MM5 Users' Workshop, Boulder CO, July 2004},
   note = {Available at http://www.mmm.ucar.edu/mm5/workshop/workshop-papers\_ws04.html},
   pages = {43--46},
   year =    2004
}
@inproceedings{Pagowski:05,
   author =  {Pagowski, M. and J. Hacker and J.-W. Bao},
   title = {Behavior of {WRF} {PBL} schemes and land-surface models in {1D} simulations during {BAMEX}},
   booktitle = {Joint WRF/MM5 Users' Workshop, Boulder CO, July 2005},
   note = {Available at http://www.mmm.ucar.edu/wrf/users/workshops/
	   WS2005/WorkshopPapers.htm},
   year =    2005
}
@article{Pa:93,
   author =  {Palmer, T. N.},
   title =   {Extended-range atmospheric prediction and the Lorenz model},
   journal = {Bull. Amer. Meteor. Soc.},
   volume =  74,
   pages =   {49--64},
   year =    1993,
}
@article{Panofsky:63,
   author =  {Panofsky, H. A.},
   title =   {Determination of stress from wind and temperature measurements},
   journal = {Quart. J. Royal Meteor. Soc.},
   volume =  89,
   pages =   {85--94},
   year =    1963,
}
@article{Parrish:92,
   author =  {Parrish, D. F. and J. Derber},
   title =   {The {N}ational {M}eteorological {C}enter's spectral-statistical interpolation analysis system},
   journal = {Mon. Wea. Rev.},
   volume =  120,
   pages =   {1747--1763},
   year =    1992,
}
@article{Paulson:70,
   author =  {Paulson, C. A.},
   title =   {The mathematical representation of wind speed and temperature profiles in the unstable atmospheric surface layer},
   journal = {J. Appl. Meteor.},
   volume =  9,
   pages =   {857--861},
   year =    1970,
}
@article{Picca:2014,
   author =  {Picca, J. C. and D. M. Schultz and B. A. Colle and S. Ganetis and D. R. Novak and M. Sienkiewicz},
   title =   {The value of dual-polarization radar in diagnosing the complex microphysical evolution of an intense snowband},
   journal = {Bull. Amer. Meteor. Soc.},
   volume =  95,
   pages =   {1825--1834},
   year =    2014,
}
@article{Pielke:01,
   author =  {Pielke, R. A. Sr.},
   title =   {Influence of the spatial distribution of vegetation and soils on the prediction of cumulus convective rainfall},
   journal = {Rev. Geophys.},
   volume =  {39},
   pages =  {151--177},
   year =   2001
}
@article{Pinty:89,
   author =  {Pinty, J.-P. and P. Mascart and E. Richard and R. Rosset},
   title =   {An investigation of mesoscale flows induced by vegetation inhomogeneities using an evapotranspiration model calibrated against {HAPEX-MOBILHY} data},
   journal = {J. Appl. Meteor.},
   volume =  {28},
   pages =  {976--992},
   year =   1989
}
@article{Posselt:10,
   author =  {Posselt, D. J. and T. Vuke{\'c}evi{\'c}},
   title =   {Robust characterization of model physics uncertainty for simulations of deep moist convection},
   journal = {Mon. Wea. Rev.},
   volume =  {138},
   pages = {1513--1535},
   year =   2010,
}
@article{Prusa96,
   author =  {Prusa, J. M. and P. K. Smolarkiewicz and R. R. Garcia},
   title =   {On the propagation and breaking at high altitudes of gravity 
waves excited by tropospheric forcing},
   journal = {J. Atmos. Sci.},
   volume =  {53},
   pages =  {2186--2216},
   year =   1996
}
@article{Raftery:05,
   author =  {Raftery, A. E. and T. Gneiting and F. Blabdaoui and  M. Polakowski},
   title =   {Using {B}ayesian model averaging to calibrate forecast ensembles},
   journal = {Mon. Wea. Rev.},
   volume =  {133},
   pages =  {1155--1174},
   year =   2005
}
@article{Reichle:01a,
   author =  {Reichle, R. H. and D. Entekhabi and D. B. McLaughlin},
   title =   {Downscaling of radiobrightness measurements for soil moisture estimation: {A} four-dimensional variational approach},
   journal = {Water Resour. Res.},
   volume =  {37},
   pages = {2353--2364},
   year = {2001a}
}
@article{Reichle:01b,
   author =  {Reichle, R. H. and D. B. McLaughlin and D. Entekhabi},
   title =   {Variational data assimilation of microwave radiobrightness observations for land surface hydrologic applications},
   journal = {{IEEE} Trans. Geosci. Remote Sens.},
   volume =  {39},
   pages = {1708--1718},
   year = {2001b}
}
@article{Reichle:02,
   author =  {Reichle, R. H. and D. B. McLaughlin and D. Entekhabi},
   title =   {Hydrologic data assimilation with the {E}nsemble {K}alman {F}ilter},
   journal = {Mon. Wea. Rev.},
   volume =  {130},
   pages =  {103--114},
   year =   2002
}
@article{Reinecke:2009,
   author =  {Reinecke, P.A. and D.R. Durran},
   title =   {Initial-condition sensitivities and the predictability of downslope winds},
   journal = {J. Atmos. Sci.},
   volume =  {66},
   pages =  {3401--3418},
   doi = {10.1175/2009JAS3023.1},
   year =   2009
}
@article{Rhodin:99,
   author =  {Rhodin, A. and F. Kucharski and U. Callies and D. P. Eppel and W. Wergen},
   title =   {Variational analysis of effective soil moisture from screen-level atmospheric parameters: {A}pplication to a short-range weather forecast model},
   journal = {Quart. J. Roy. Meteor. Soc.},
   volume =  125,
   pages =   {2427--2448},
   year =    {1999},
}
@article{Ritchie95,
   author =  {Ritchie, H. and C. Temperton and A. Simmons and M. Hortal and T. Davies},
   title =   {Implementation of the semi-Lagrangian method in a high-resolution version of the {ECMWF} forecast model},
   journal = {Mon. Wea. Rev.},
   volume =  {123},
   pages =  {489--415},
   year =   1995
}
@book{Roache,
   author =  {Roache, P. J.},
   title = {Computational Fluid Dynamics},
   publisher = {Hermosa Publishers, Albuquerque},
   pages =   {446},
   year =    1972
}
@inproceedings{Robert69,
   author =  {Robert, A. J.},
   title =   {The integration of a spectral model of the atmosphere by the implicit method},
   booktitle =   {{WMO/IUGG} symposium on {NWP}},
   volume =  {VII},
   publisher = {Japan Meteorological Agency},
   pages =  {19--24},
   year =   1969
}
@article{Robert81,
   author =  {Robert, A. J.},
   title =   {A stable numerical integration scheme for the
primitive meteorological equations},
   journal = {Atmos.---Ocean},
   volume =  {XIX},
   pages =  {35--46},
   year =   1981
}
@article{Robert85,
   author =  {Robert, A. J. and T. L. Yee and H. Ritchie},
   title =   {A semi-{L}agrangian semi-implicit numerical integration
scheme for multilevel atmospheric models},
   journal = {Mon. Wea. Rev.},
   volume =  113,
   pages =  {388--394},
   year =   1985
}
@article{Robert93,
   author =  {Robert, A. J.},
   title =   {Bubble convection experiments with a semi-implicit
formulation of the {E}uler equations},
   journal = {J. Atmos. Sci.},
   volume =  50,
   pages =  {1865--1873},
   year =   1993
}
@article{Rodwell:07,
   author =  {Rodwell, M. J. and T. N. Palmer},
   title =   {Using numerical weather prediction to assess climate models},
   journal = {Quart. J. Roy. Meteor. Soc.},
   volume =  133,
   pages =   {129--146},
   year =    {2007},
}
@techreport{EDAS:99,
   author = {Rogers, E. and D. Parrish and G. Di{M}ego},
   title = {Changes to the {NCEP} Operational Eta Analysis},
   institution = {National Weather Service Technical Procedures Bulletin},
   year = {1999},
}
@article{RB:96,
   author =  {Roebber, P. and L. Bosart},
   title =   {The complex relationship between forecast skill and forecast value: {A} real-world analysis},
   journal = {Wea. Forecasting},
   volume =  11,
   pages =   {544--559},
   year =    1996,
}
@article{Roeger:03,
   author =  {Roeger, C. and R. Stull and D. McClung and J. Hacker and X. Deng and H. Modzelewski},
   title =   {Verification of Mesoscale Numerical Weather Forecasts in Mountainous Terrain for Application to Avalanche Prediction},
   journal = {Wea. and Forecast.},
   volume =  18,
   pages =   {1140--1160},
   year =    2003,
}
@article{Rostkier:2010,
   author =  {Rostkier-Edelstein, D. and J. P. Hacker},
   title =   {The roles of surface-observation ensemble assimilation and model complexity for nowcasting {PBL} profiles: {A} factor separation analysis},
   journal = {Wea. and Forecast.},
   volume =  25,
   pages =   {1670--1690},
   year =    2010,
}
@article{Rot:98,
   author =  {Rotunno, R. and W. C. Skamarock and C. Snyder},
   title =   {Effects of surface drag on fronts within numerically simulated baroclinic waves},
   journal = {J. Atmos. Sci.},
   volume =  55,
   pages =   {2119--2129},
   year =    1998,
}
@article{RS:03,
   author =  {Roulston, M. S. and L. A. Smith},
   title = {Combining dynamical and statistical ensembles},
   journal = {Tellus},
   volume =  {55A},
   pages =   {16--30},
   year =    2003,
}
@article{Ru:96,
   author =  {Ruggiero, F. H. and K. D. Sashegyi and R. V. Madala and S. Raman},
   title = {The use of surface observations in four-dimensional data assimilation using a mesoscale model},
   journal = {Mon. Wea. Rev.},
   volume =  124,
   pages =   {1018--1033},
   year =    1996,
}
@article{Ru:00,
   author =  {Ruggiero, F. H. and G. D. Modica and A. E. Lipton},
   title = {Assimilation of satellite imager data and surface observations to improve analysis of circulations forced by cloud shading contrasts},
   journal = {Mon. Wea. Rev.},
   volume =  128,
   pages =   {434--448},
   year =    2000,
}
@article{Saad,
   author =  {Saad, Y. and M. Schultz},
   title =   {{GMRES}: A generalized minimal residual algorithm for solving nonsymmetric linear systems},
   journal = {{SIAM} J. Sci. Stat. Comput.},
   volume =  7,
   pages =   {856--869},
   year =    1986,
}
@article{Saad93,
   author =  {Saad, Y.},
   title =   {A flexible inner-outer preconditioned {GMRES} algorithm},
   journal = {{SIAM} J. Sci. Stat. Comput.},
   volume =  14,
   pages =   {461--469},
   year =    1993,
}
@book{Saad96,
   author =  {Saad, Y.},
   title =   {Iterative Methods for Sparse Linear Systems},
   publisher = {{PWS} Publishing (Boston)},
   pages =   {447},
   year =    1996,
}
@unpublished{Saha:05,
  author={Saha, S. and S. Nadiga and C. Thiaw and J. Wang and W. Wang and Q. Zhang and D. Behringer and W. Ebisuzaki and S. Lord and S. Moorthi and H.L. Pan and P. Peng and D. Stokes and H. M. van den Dool and G. White and P. Xie},
  year={2005},
  title={The {NCEP} Climate Forecast System},
  note={Submitted to J. Climate}
}
@article{Saito,
   author =  {Saito, K. and U. Sch\"attler and U. Steppler},
   title =   {3{D} mountain waves by the {L}okal-{M}odell of {DWD} and
the {MRI} mesoscale nonhydrostatic model},
   journal = {Pap. in Meteor. and Geophys.},
   volume =  49,
   pages =   {7--19},
   year =    1998
}
@article{Sa:62,
   author =  {Saltzman, B.},
   title =   {Finite amplitude free convection as an initial value problem},
   journal = {J. Atmos. Sci.},
   volume =  19,
   pages =   {329--341},
   year =    1962,
}
@article{SG:80,
   author={Sanders, F. and J. R. Gyakum},
   title={Synoptic-dynamic climatology of the ``bomb''},
   journal={Mon. Wea. Rev.},
   volume={108},
   pages={1589--1606},
   year={1980},
}
@article{Sanderson:08,
   author={Sanderson, B. M. and R. Knutti and T. Aina and C. Chirstensen and N Faull and D. J. Frame and W. J. Ingram and C. Paini and D. A. Stainforth and D. A. Stone and M. R. Allen},
   title={Constraints on model response to greenhouse gas forcing and the role of subgrid-scale processes},
   journal={J. Climate},
   volume={21},
   pages={2384--2400},
   year={2008},
}
@article{Santanello:09,
  AUTHOR={Santanello, J. A. and C. Peters-Lidard and S. Kumar and C. Alonge and W.-K. Tao}, 
  YEAR=2009,
  TITLE={A modeling and observational framework for diagnosing local land-atmosphere coupling on diurnal time scales},
  JOURNAL={J. Hydrometeor}, 
  VOLUME=10, 
  PAGES={577--599}
 }
@article{Santanello:11,
 AUTHOR={Santanello, J. A. and C. Peters-Lidard and S. Kumar}, 
 YEAR=2011,
 TITLE={Diagnosing the Sensitivity of Local Land-Atmosphere Coupling via the Soil Moisture-Boundary Layer Interaction},
 JOURNAL={J. Hydrometeor}, 
 VOLUME=12, 
 PAGES={766Ð786}
 }
@book{Santer:03,
  author={Santer, T. J. and B. J. Williams},
  year={2003},
  title={Design and analysis of computer experiments},
  pages={aaa--bbb},
  publisher={Springer, New York},
}
@article{Sauvageot:95,
   author={Sauvageot, H. and J.-P. Lacaux},
   title={The shape of averaged drop size distributions},
   journal={J. Atmos. Sci.},
   volume={52},
   pages={1070--1083},
   year={1995},
}
@article{Sav:84,
   author={Savij\"{a}rvi, H.},
   title={Spectral properties of analyzed and forecast global 500~mb fields},
   journal={J. Atmos. Sci.},
   volume={41},
   pages={1745--1754},
   year={1984},
}
@article{Sav:94,
   author={Savij\"{a}rvi, H.},
   title={Error growth in a large numerical forecast system},
   journal={Mon. Wea. Rev.},
   volume={123},
   pages={212--221},
   year={1994},
}
@article{SG:99,
   author={Schneider, T. and S. M. Griffies},
   title={A conceptual framework for predictability studies},
   journal={J. Climate},
   volume={12},
   pages={3133--3155},
   year={1999},
}
@inproceedings{Schumann84,
   author =  {Schumann, U. and H. Volkert},
   title =   "Three--dimensional mass-- and momentum--consistent 
{H}elmholtz--equation in terrain--following coordinates",
   booktitle = {Notes on Numerical Fluid Mechanics},
   editor    = {W. Hackbusch},
   volume =  10,
   pages =  {109--131},
   year =   1987
}
@article{Schumann87,
   author =  {Schumann, U. and T. Hauf and H. H\"oller and H. Schmidt and H. Volkert},
   title =   {A mesoscale model for the simulation of turbulence, clouds and flow
over mountains: {F}ormulation and validation examples},
   journal = {Beitr. Phys. Atmos.},
   volume =  60,
   pages =  {413--434},
   year =   1987
}
@article{Schumann88,
   author =  {Schumann, U. and R. A. Sweet},
   title =   {Fast {F}ourier transforms for direct solution of {P}oisson's
equation with staggered boundary conditions},
   journal = {J. Comput. Phys.},
   volume =  75,
   pages =  {123--137},
   year =   1988
}
@article{SNG:01,
   author =  {Shafran, P. C. and N. L. Seaman and G. A. Gayno},
   title =   {Evaluation of numerical predictions of boundary layer structure during the {L}ake {M}ichigan {O}zone {S}tudy},
   journal = {J. Appl. Meteor.},
   volume =  39,
   pages =   {412--426},
   year =    2000,
}
@article{Sha:01,
   author =  {Shapiro, M. A. and H. Wernli and N. A. Bond and R. Langland},
   title =   {The influence of the 1997--99 El Ni\~{n}o Southern Oscillation on extratropical baroclinic life cycles over the eastern North Pacific},
   journal = {Quart. J. Roy. Meteor. Soc.},
   volume =  127,
   pages =   {331--342},
   year =    2001,
}
@article{Sh:89,
   author =  {Shuman, Frederick G.},
   title =   {History of Numerical Weather Prediction at the National Meteorological Center},
   journal = {Wea. and Forecasting},
   volume =  4,
   pages =   {286--296},
   year =    1989,
}
@Article{Shutts:05,
  author =   {G. J. Shutts},
  title =    {A kinetic energy backscatter algorithm for use in ensemble prediction systems},
  journal = {Quart. J. Roy. Meteor. Soc.},
  VOLUME ={612},
  PAGES ={3079--3102},
  YEAR = 2005,
}
@article{Si:95,
   author =  {Simmons, A. J. and R. Mureau and T. Petroliagis},
   title =   {Error growth and estimates of predictability from the {ECMWF} forecasting system},
   journal = {Quart. J. Roy. Meteo. Soc.},
   volume =  121,
   pages =   {1739--1771},
   year =    1995,
}
@article{Si:02,
   author =  {Simmons, A. J. and A. Hollingsworth},
   title =   {Some aspects of the improvement in skill of numerical weather prediction},
   journal = {Quart. J. Roy. Meteo. Soc.},
   volume =  128,
   pages =   {647--677},
   year =    2002,
}
@article{Skalin,
   author =  {Sk{\aa}lin, R.},
   title =   {Scalability of Parallel Gridpoint Limited-Area Atmospheric Models},
   journal = {J. Atmos. Oceanic Technol.},
   volume =  {14},
   pages =   {442--455},
   year =    {1997},
}
@inproceedings{Skam:01,
   author =  {Skamarock, W. C. and J. B. Klemp and J. Dudhia},
   title =   {Prototypes for the {WRF} ({W}eather {R}esearch and {F}orecasting) model },
   booktitle = {Ninth Conference on Mesoscale Processes},
   publisher = {Amer. Meteor. Soc.},
   pages =   {J11--J15},
   year =    2001
}
@article{Skamarock,
   author =  {Skamarock, W. C. and P. K. Smolarkiewicz and J. B. Klemp},
   title =   {Preconditioned conjugate-residual solvers for {H}elmholtz
equations in nonhydrostatic models},
   journal = {Mon. Wea. Rev.},
   volume =  125,
   pages =   {587--599},
   year =    1997
}
@article{Skamarock:04,
   author =  {Skamarock, W. C.},
   title =   {Evaluating Mesoscale {NWP} Models Using Kinetic Energy Spectra},
   journal = {Mon. Wea. Rev.},
   volume =  132,
   pages =   {3019--3032},
   year =    2004
}
@techreport{Skamarock:05,
   author =  {Skamarock, W. C. and J. B. Klemp and J. Dudhia and D. O. Gill and D. M. Barker and W. Wang and J. G. Powers},
   title =   {A description of the advanced research {WRF} {V}ersion 2},
   institution = {National Center for Atmospheric Research},
   number =  {TN-468},
   year =   2005
}
@techreport{Skamarock:08,
   author =  {Skamarock, W. C. and J. B. Klemp and J. Dudhia and D. O. Gill and D. M. Barker and M. G. Duda and X.-Y. Huang and W. Wang and J. G. Powers},
   title =   {A description of the advanced research {WRF} {V}ersion 3},
   institution = {National Center for Atmospheric Research},
   number =  {TN-475},
   year =   2008
}
@article{Smag:69,
   author =  {Smagorinsky, J.},
   title =   {Problems and promises of deterministic extended range forecasting},
   journal = {Bull. Amer. Meteor. Soc.},
   volume =  50,
   pages =   {99--164},
   year =    1969,
}
@article{Smith,
   author =  {Smith, R. B.},
   title =   {Linear theory of stratified hydrostatic flow past an
isolated mountain},
   journal = {Tellus},
   volume =  32,
   pages =   {348--364},
   year =    1980
}
@article{Sm:99,
   author =  {Smith, L. A. and C. Ziehman and K. Fraedrich},
   title =   {Uncertainty dynamics and predictabillity in chaotic systems},
   journal = {Quart. J. Roy. Meteor. Soc.},
   volume =  125,
   pages =   {2855--2886},
   year =    1999,
}
@article{Smolar90,
   author =  {Smolarkiewicz, P. K. and W. W. Grabowski},
   title =   {The multidimensional positive definite advection
transport algorithm: {N}onoscillatory option},
   journal = {J. Comput. Phys.},
   volume =  86,
   pages =   {355--375},
   year =    1990
}
@article{Smolar92,
   author =  {Smolarkiewicz, P. K. and J. A. Pudykiewicz},
   title =   {A class of semi-{L}agrangian approximations for fluids},
   journal = {J. Atmos. Sci.},
   volume =  49,
   pages =   {2082--2096},
   year =    1992
}
@article{Smolar94,
   author =  {Smolarkiewicz, P. K. and  L. G. Margolin},
   title =   {Variational solver for elliptic problems in atmospheric flows},
   journal = {Appl. Math. Comput. Sci.},
   volume =  4,
   pages =   {527--551},
   year =    1994
}
@article{Smolar97a,
   author =  {Smolarkiewicz, P. K. and  L. G. Margolin},
   title =   {On forward-in-time differencing for fluids: {A}n {E}ulerian/semi-{L}agrangian nonhydrostatic model for stratified flows},
   journal = {Atmos.---Ocean},
   volume =  {XXXV},
   pages =   {127--152},
   year =    1997
}
@article{Smolar97b,
   author =  {Smolarkiewicz, P. K. and V. Grubis\v{\i}\'c and  L. G. Margolin},
   title =   {On Forward-in-Time Differencing for Fluids:
{S}topping criteria for iterative solutions of anelastic pressure equations},
   journal = {Mon. Wea. Rev.},
   volume =  125,
   pages =   {647--654},
   year =    1997
}
@inproceedings{Smolar00,
   author =  {Smolarkiewicz, P. K. and  L. G. Margolin},
   title =   {Variational methods for elliptic problems in fluid models},
   booktitle =   {{ECMWF} {W}orkshop on {D}evelopments in {N}umerical {M}ethods for {V}ery {H}igh {R}esolution {G}lobal {M}odels},
   pages =   {137--159},
   year =    2000
}
@article{Smolar01,
   author =  {Smolarkiewicz, P. K. and  L. G. Margolin and A. A. Wyszogrodzki},
   title =   {A class of nonhydrostatic global models},
   journal = {J. Atmos. Sci.},
   volume =  58,
   pages =   {349--364},
   year =    2001
}
@article{Smolar02,
   author =  {Smolarkiewicz, P. K. and J. M. Prusa},
   title =   {{VLES} modelling of geophysical fluids with non\-oscillatory forward-in-time schemes},
   journal = {Int. J. Num. Meth. for Fluids},
   volume =  39,
   pages =   {779--819},
   year =    {2002}
}
@article{SZ:03,
   author =  {Snyder, C. and F. Zhang},
   title =   {Assimilation of Simulated Doppler Radar Observations with an Ensemble {K}alman Filter},
   journal = {Mon. Wea. Rev.},
   volume =  131,
   pages =   {1663--1677},
   year =    2003,
}
@article{Stainforth:2005,
   author =  {Stainforth, D. A. and T. Aina and C. Christensen and M. Collins and N. Faull and D. J. Frame and J. A. Kettleborough and S. Knight and A. Martin and J. M. Murphy and C. Paini and D. Sexton and L. A. Smith and and R. A. Spicer and A. J. Thorpe and M. R. Allen},
   title =   {Uncertainty in predictions of the climate response to rising levels of greenhouse gases},
   journal = {Nature},
   volume =  433,
   pages =   {403--406},
   year =    2005,
}
@article{Stark:2013,
   author =  {Stark, D. and S. E. Yuter and B. A. Colle},
   title =   {Observed microphysical evolution for two {E}ast coast winter storms and the associated snow bands},
   journal = {Mon. Wea. Rev.},
   volume =  141,
   pages =   {2037–-2057},
   year =    2013,
}
@article{St:94,
   author =  {Stauffer, D. R. and N. L. Seaman},
   title =   {Multiscale four-dimensional data assimilation},
   journal = {J. Appl. Meteor.},
   volume =  33,
   pages =   {416--434},
   year =    1994,
}
@article{St:90,
   author =  {Stauffer, D. R. and N. L. Seaman},
   title =   {Use of four-dimensional data assimilation in a limited-area mesoscale model {P}art {I}: {Experiments} with synoptic-scale data},
   journal = {Mon. Wea. Rev.},
   volume =  118,
   pages =   {1250--1277},
   year =    1990,
}
@article{St:91,
   author =  {Stauffer, D. R. and N. L. Seaman and F. S. Binkowski},
   title =   {Use of four-dimensional data assimilation in a limited-area mesoscale model {P}art {II}: {Effects} of data assimilation within the planetary boundary layer},
   journal = {Mon. Wea. Rev.},
   volume =  119,
   pages =   {734--754},
   year =    1991,
}
@article{Steeneveld:2011,
  author={Steeneveld, G. J. and L. F. Tolk and A. F. Moene and O. K. Hartogensis and W. Peters and A. A. M. Holtslag},
  year={2011}, 
  title={Confronting the {WRF} and {RAMS} mesoscale models with innovative observations in the {N}etherlands: {E}valuating the boundary layer heat budget}, 
  journal={J. Geophys. Res. D}, 
  volume={116},
  doi={10.1029/2011JD016303}
  }
@article{Stein:93,
   author =  {Stein, U. and P. Alpert},
   title =   {Factor separation in numerical simulations},
   journal = {J. Atmos. Sci.},
   volume =  50,
   pages =   {2107--2115},
   year =    1993,
}
@article{St:96,
   author =  {Stensrud, D. J. and J. A. Skindlov},
   title =   {Gridpoint predictions of high temperature from a mesoscale model},
   journal = {Wea. and Forecast.},
   volume =  11,
   pages =   {103--110},
   year =    1996,
}
@article{St:03,
   author =  {Stensrud, D. J. and N. Yussouf},
   title =   {Short-Range Ensemble Predictions of 2-m temperature and dewpoint temperature over {N}ew {E}ngland},
   journal = {Mon. Wea. Rev.},
   volume =  131,
   pages =   {2510--2524},
   year =    2003,
}
@article{St:00,
   author =  {Stensrud, D. and J.-W. Bao and T. T. Warner},
   title =   {Using initial condition and model physics perturbations in short-range ensemble simulations of mesoscale convective systems},
   journal = {Mon. Wea. Rev.},
   volume =  128,
   pages =   {2077--2107},
   year =    2000,
}
@book{Strait:89,
  author={Strait, P. T.},
  year={1989},
  title={A First Course in Probability and Statistics with Applications}, 
  pages={599},
  publisher={Harcourt Brace Jovanovich},
}
@article{Strassberg:08,
   author = {Strassberg, D. and M. A. LeMone and T. T. Warner and J. G. Alfieri},
   title =   {Comparison of observed 10-m wind speeds to those based on {M}onin-{O}bukhov similarity theory using {IHOP\_2002} aircraft and surface data},
   journal = {Mon. Wea. Rev.},
   volume =  136,
   pages =   {964--972},
   year =    2008
}
@article{Stroe:93,
   author =  {Stroe, R. and J. F. Royer}, 
   title =   {Comparison of different error growth formulas and predictability estimation in numerical extended-range forecasts},
   journal = {Ann. Geophys.},
   volume =  11,
   pages =   {296--316},
   year =    1993
}
@book{Stull,
   author =  {Stull, R. B.},
   title = {An Introduction to Boundary Layer Meteorology},
   publisher = {Kluwer Academic Publishers},
   pages =   {666},
   year =    1998
}
@article{Sutton06,
   author =  {Sutton, C. and T. M. Hamill and T. T. Warner},
   title =   {Will perturbing soil moisture improve warm-season ensemble forecasts? {A} proof of concept},
   journal = {Mon. Wea. Rev.},
   volume =  134,
   pages =   {3174--3189},
   year =    2006
}
@article{Svensson:11,
  author={Svensson, G. and A. A. M. Holtslag and V. Kumar and T. Mauritsen and G. J. Steeneveld and W. M. Angevine and E. Bazile and A. Beljaars and E. I. F. de Bruijn and A. Chang and L. Conangla and J. Cuxart and M. Ek and M. J. Falk and F. Freedman and H. Kitigawa and V. E. Larson and A. Lock and J. Mailhot and V. Masson and S. Park and J. Pliem and S. S\:oderberg and W. Wang and M. Zampieri},
  year={2011}, 
  title={Evaluation of the diurnal cycle in the atmospheric boundary layer over land as represented by a variety of single column models Ð the second {GABLS} experiment}, 
  journal={Bound.-Layer Meteor.}, 
  volume={140}, 
  pages={177--206}, 
  doi={10.1007/s10546-011-9611-7}
  }
  @MANUAL{SWATS:05,
   author = {D. Bond},
   title = {{Soil Water and Temperature System (SWATS) Handbook}},
   organization = {Atmospheric Radiation Measurement Climate Research Facility, U.S. Department of Energy},
   year = 2005,
   note = {Available at https://www.arm.gov/publications/tech\_reports/handbooks/swats\_handbook.pdf?id=15},
}
@article{Sweet,
   author =  {Sweet, R. A.},
   title =   {Direct methods for the solution of {P}oisson's equation on a staggered grid},
   journal = {J. Comput. Phys.},
   volume =  12,
   pages =   {422--428},
   year =    1973
}
@article{Tanguay90,
   author =  {Tanguay, M. and A. Robert and R. Laprise},
   title =   {A semi-implicit semi-{L}agrangian fully compressible
regional forecast model},
   journal = {Mon. Wea. Rev.},
   volume =  118,
   pages =   {1970--1980},
   year =    1990
}
@article{Tanguay92,
   author =  {Tanguay, M.  and E. Yakimiw and H. Ritchie and A. Robert},
   title =   {Advantages of spatial averaging in semi-implicit semi-{L}agrangian schemes},
   journal = {Mon. Wea. Rev.},
   volume =  120,
   pages =   {113--123},
   year =    1992,
}
@article{Tao08,
   author =  {Tao, K. and A.~P. Barros},
   title =   {Metrics to describe the dynamical evolution of atmospheric moisture: {I}ntercomparison of model ({NARR}) and observations ({ISCPP})},
   journal = {J. Geophys. Res. D},
   note =    {doi:10.1029/2007JD009337},
   year =    2008,
}
@article{Tapp,
   author =  {Tapp, M. C. and P. W. White},
   title =   {A nonhydrostatic mesoscale model},
   journal = {Quart. J. Roy. Meteor. Soc.},
   volume =  102,
   pages =   {277--296},
   year =    1976
}
@article{Thomas98,
   author =  {Thomas, S. J. and C. Girard and R. Benoit and M. Desgagn\'e
and P. Pellerin},
   title =   {A new adiabatic kernel for the {MC2} model},
   journal = {Atmos.---Ocean},
   volume =  36,
   pages =   {241--270},
   year =    1998
}
@article{Thomas00,
   author =  {Thomas, S. and C. Girard and G. Doms and U. Sch\"attler},
   title =   {Semi-implicit scheme for the {DWD} {L}okal-{M}odell},
   journal = {Meteor. Atmos. Phys.},
   volume =  73,
   pages =   {105--125},
   year =    2000
}
@article{Thomas02,
   author =  {Thomas, S. and J. P. Hacker and M. Desgagn\'e and R. B. Stull},
   title =   {An ensemble analysis of forecast errors related to floating point performance},
   journal = {Wea. and Forecasting},
   volume =  17,
   pages =   {898--906},
   year =    2002
}
@article{Thompson:57,
   author =  {Thompson, P. D.},
   title =   {Uncertainty in the initial state as a factor in the predictability of large scale atmospheric flow patterns},
   journal = {Tellus},
   volume =  9,
   pages =   {275--295},
   year =    1957
}
@article{Thompson:06,
   author =  {Thompson, G. and R. Rasmussen and K. Manning},
   title =   {Explicit forecasts of winter precipitation using an improved bulk microphysics scheme.  {Part I}: {D}escription and sensitivity analysis},
   journal = {Mon. Wea. Rev.},
   volume =  132,
   pages =   {519--542},
   year =    2006
}
@article{Tippett:03,
   author={Tippett, M. K. and J. L. Anderson and C. H. Bishop and T. M. Hamill and J. S. Whitaker}, 
   year = 2003,
   title = {Ensemble Square Root Filters},
   journal = {Mon. Wea. Rev.}, 
   volume = 131,
   pages = {1485--1490}
}
@article{Tokioka,
   author =  {Tokioka, T.},
   title =   {Some considerations on vertical differencing},
   journal = {J. Meteor. Soc. Japan},
   volume =  56,
   pages =   {98--111},
   year =    1978
}
@article{Tong:08,
   author =  {Tong, M. and M. Xue},
   title =   {Simultaneous estimation of microphysical parameters and atmospheric state with simulated radar data and ensemble square-root {K}alman filter},
   journal = {Mon. Wea. Rev.},
   volume =  136,
   pages =   {1630--1648},
   year =    2008
}
@article{Torn:2008,
  author={Torn, R. and G. Hakim},
  year={2008},
  title={Ensemble-based sensitivity analysis},
  journal={Mon. Wea. Rev.},
  volume=136,
  pages={663--677}
}
@article{Torn:2009,
  author={Torn, R. and G. Hakim},
  year={2009},
  title={Initial-condition sensitivity of western {P}acific extratropical transitions determined using ensemble-based sensitivity analysis},
  journal={Mon. Wea. Rev.},
  volume=137,
  pages={3388--3406}
}
@article{Toth:01,
   author =  {Toth, Z.},
   title =   {Ensemble Forecasting in {WRF}},
   journal = {Bull. Amer. Meteor. Soc.},
   volume =  82,
   pages =   {695--697},
   year =    2001
}
@article{Trev:92,
   author =  {Trevisan, A. and P. Malguzzi and M. Fantini},
   title =   {On {L}orenz's law for the growth of large and small errors in the atmosphere},
   journal = {J. Atmos. Sci},
   volume =  49,
   pages =   {713--719},
   year =    1992,
}
@article{Trev:93,
   author =  {Trevisan, A.},
   title =   {Impact of transient error growth on global average predictability measures},
   journal = {J. Atmos. Sci},
   volume =  50,
   pages =   {1016--1028},
   year =    1992,
}
@article{TB:88,
   author =  {Tribbia, J. J. and D. P. Baumhefner},
   title =   {The reliability of improvements in deterministic short-range forecasts in the presence of initial state and modeling deficiencies},
   journal = {Mon. Wea. Rev.},
   volume =  116,
   pages =   {2276--2288},
   year =    1988,
}
@article{TB:04,
   author =  {Tribbia, J. J. and D. P. Baumhefner},
   title =   {Scale interactions and atmospheric predictability: {A}n updated perspective},
   journal = {Mon. Wea. Rev.},
   volume =  132,
   pages =   {703--713},
   year =    2004,
}
@article{Trier:2004,
   author =  {Trier, S. B. and F. Chen and K. W. Manning},
    title =   {A study of convection initiation in a mesoscale model using high-resolution land-surface initiation conditions},
   journal = {Mon. Wea. Rev.},
   volume =  132,
   pages =   {2954--2976},
   year =    2004,
}
@article{Trier:2011,
   author =  {Trier, S. B. and M. A. LeMone and F. Chen and K. W. Manning},
    title =   {Effects of surface heat and moisture exchange on {ARW-WRF} warm-season precipitation forecasts over the central {U}nited {S}tates},
   journal = {Wea. Forecast.},
   volume =  3,
   pages =   {3--25},
   year =    2011,
}
@article{TK:93,
   author =  {Toth, Z. and E. Kalnay},
   title =   {Ensemble forecasting at NMC: The generation of perturbations},
   journal = {Bull. Amer. Meteor. Soc.},
   volume =  74,
   pages =   {2317--2330},
   year =    1993,
}
@article{TM:86,
   author =  {Troen, I. and L. Mahrt},
   title =   {A simple model of the atmospheric boundary layer: Sensitivity to surface evaporation},
   journal = {Bound.-Layer Meteor.},
   volume =  37,
   pages =   {129--148},
   year =    1986,
}
@article{VDD:94,
   author =  {Van~Den~Dool, H. M.},
   title =   {Searching for analogues, how long must we wait?},
   journal = {Tellus},
   volume =  {46A},
   pages =   {314--324},
   year =    1994,
}
@article{VanLeeuwen:99,
   author =  {van~Leeuwen, P. J.},
   title =   {Comment on ``{Data} assimilation using an ensemble {K}alman filter technique''},
   journal = {Mon. Wea. Rev.},
   volume =  127,
   pages =   {1374--1377},
   year =    1999,
}
@article{VanderVorst92,
   author =  {Van~der~Vorst, H. A.},
   title =   {Bi-{CGS}tab: {A} fast and smoothly converging variant of {B}i-{CG} for the solution of non-symmetric linear systems},
   journal = {{SIAM} J. Sci. Stat. Comput.},
   volume =  12,
   pages =   {631--644},
   year =    1992
}
@article{Velden:97,
   author =  {Velden, C. S. and C. M. Hayden and S. J. Nieman and W. P. Menzel and S. Wanzong and J. S. Goerss},
   title =   {Upper-tropospheric winds derived from geostationary satellite water vapor imagery},
   journal = {Bull. Amer. Meteor. Soc.},
   volume =  78,
   pages =   {173--195},
   year =    1997,
}
@article{Ventura:04,
   author =  {Ventura, V. and C. J. Paciorek and J. S. Risbey},
   title =   {Controlling the proportion of falsely rejected hypotheses when conducting multiple tests with climatological data},
   journal = {J. Climat.},
   volume =  17,
   pages =   {4343--4356},
   year =    2004,
}
@article{Waldvogel:74,
   author =  {Waldvogel, A.},
   title =   {The {$N_0$} jump of raindrop spectra}, 
   journal = {J. Atmos. Sci.},
   volume =  31,
   pages =   {1067--1078},
   year =    1974,
}
@article{Wang:03,
   author =  {Wang, X. and C. H. Bishop},
   title =   {A comparison of breeding and ensemble transform {K}alman filter ensemble forecast schemes},
   journal = {J. Atmos. Sci.},
   volume =  60,
   pages =   {1140--1158},
   year =    2003,
}
@article{Wang:04,
   author =  {Wang, X. and C. H. Bishop and S. J. Julier},
   title =   {Which is better, and ensemble of positive/negative pairs or a centered spherical simplex ensemble?},
   journal = {Mon. Wea. Rev.},
   volume =  132,
   pages =   {1590--1605},
   year =    2004,
}
@article{Wang:07a,
   author =  {Wang, X. and C. Snyder and T. M. Hamill},
   title =   {On the theoretical equivalence of differently proposed ensemble/3{D-Var} hybrid analysis schemes},
   journal = {Mon. Wea. Rev.},
   volume =  135,
   pages =   {222--227},
   year =    2007,
}
@article{Wang:07b,
   author =  {Wang, X. and T. M. Hamill and J. S. Whitaker and C. H. Bishop},
   title =   {A Comparison of Hybrid Ensemble Transform Kalman FilterâOptimum Interpolation and Ensemble Square Root Filter Analysis Schemes},
   journal = {Mon. Wea. Rev.},
   volume =  135,
   pages =   {1055--1076},
   year =    2007,
}
@article{Wang:08a,
   author =  {Wang, X. and D. M. Barker and C. Snyder and T. M. Hamill},
   title =   {A hybrid {WRFVAR-ETKF} data assimilation scheme for the {WRF} model.  {Part I}: observing system simulation experiment},
   journal = {Mon. Wea. Rev.},
   volume =  136,
   pages =   {5116--5131},
   year =    2008,
}
@article{Wang:08b,
   author =  {Wang, X. and D. M. Barker and C. Snyder and T. M. Hamill},
   title =   {A hybrid {WRFVAR-ETKF} data assimilation scheme for the {WRF} model.  {Part II}: real observation experiments},
   journal = {Mon. Wea. Rev.},
   volume =  136,
   pages =   {5132--5147},
   year =    2008,
}
@article{Weckworth:04,
   author =  {Weckworth, T. and D. Parsons and S. Koch and J. Moore and Margaret Le{M}one and B. Demoze and C. Flamant and B. Geertsg and J. Wang and W. Feltz},
   title =   {An overview of the {I}nternational {H$_2$O} {P}roject ({IHOP\_2002}) and some preliminary highlights},
   journal = {Bull. Amer. Meteor. Soc.},
   volume =  85,
   pages =   {253--277},
   year =    2004,
}
@article{Weber:93,
   author =  {Weber, R. O. and P. Talkner},
   title =   {Some remarks on spatial correlation function models},
   journal = {Mon. Wea. Rev.},
   volume =  121,
   pages =   {2611--2617},
   year =    1993,
}
@article{Wei:08,
   author =  {Wei, M. and Z. Toth and R. Wobus and Y. Zhu},
   title =   {Initial perturbations based on the ensemble transform ({ET}) technique in the {NCEP} global operational forecast system},
   journal = {Tellus},
   volume =  {60A},
   pages =   {62--79},
   year =    2008,
}
@article{woodcock:05,
   author =  {Woodcock, F. and C. Engel},
   title =   {Operational consensus forecasts},
   journal = {Wea. and Forecast.},
   volume =  20,
   pages =   {101--111},
   year =    2005,
}
@article{Whitaker:04,
   author =  {Whitaker, J. S. and G. P. Compo and X. Wei and T. M. Hamill},
   title =   {Reanalysis without radiosondes using ensemble data assimilation},
   journal = {Mon. Wea. Rev.},
   volume =  132,
   pages =   {1190--1200},
   year =    2004,
}
@article{WH:02,
   author =  {Whitaker, J. S. and T. M. Hamill},
   title =   {Ensemble data assimilation without perturbed observations},
   journal = {Mon. Wea. Rev.},
   volume =  130,
   pages =   {1913--1924},
   year =    2002,
}
@article{WL:98,
   author =  {Whitaker, J. S. and A. F. Loughe},
   title =   {The relationship between ensemble spread and ensemble mean skill},
   journal = {Mon. Wea. Rev.},
   volume =  126,
   pages =   {3292--3302},
   year =    1998,
}
@unpublished{Wile:2014,
   author =  {Wile, S. M. and J. P. Hacker and K. H. Chilcoat},
   title =   {The potential utility of high-resolution ensemble sensitivities during weak flow in complex terrain},
   note= {Submitted to {\it Wea. and Forecast.}},
   year =    2014,
}
@article{Wi:05,
   author =  {Wilks, D. S.},
   title =   {Effects of stochastic parameterization in the Lorenz '96 model},
   journal = {Quart. J. Roy. Meteor. Soc.},
   volume =  131,
   pages =   {389-407},
   year =    2005,
}
@unpublished{WH:07,
   author =  {Wilks, D. S. and T. M. Hamill},
   title =   {Comparison of ensemble-{MOS} methods using {GFS} reforecasts},
   journal = {Mon. Wea. Rev.},
   note = {accepted},
   year =    2007,
}
@book{Wi:95,
   author =    {Wilks, D. S.},
   booktitle =     {Statistical Methods in the Atmospheric Sciences},
   publisher = {Academic Press (San Diego)},
   year =      1995,
}
@book{Wi:06b,
   author =  {Wilks, D. S.},
   title = {Statistical Methods in the Atmospheric Sciences},
   publisher = {Elsevier (London)},
   edition = {second},
   year =      2006,
}
@article{Wi:06,
   author =  {Wilks, D. S.},
   title =   {On ``field significance'' and the false discovery rate},
   journal = {J. Appl. Meteor. Climatol.},
   volume =  45,
   pages =   {1181-1189},
   year =   2006,
}
@article{Xue:00,
   author =  {Xue, M.},
   title =   {High-order monotinic numerical diffusion and smoothing},
   journal = {Mon. Wea. Rev.},
   volume =  128,
   pages =   {2853--2864},
   year =    2000,
}
@article{Yeh02,
   author =  {Yeh, K.-S. and J. Cote and S. Gravel and A. Methot and A. Patoine and M. Roch and A. Staniforth},
   title =   {The {CMC-MRB} {G}lobal {E}nvironmental {M}ultiscale ({GEM}) model. {P}art {III}: {N}onhydrostatic formulation},
   journal = {Mon. Wea. Rev.},
   volume =  130,
   pages =   {339--356},
   year =    2002,
}
@Article{Yu-etal02,
 AUTHOR =       {Yu, H. and Liu, S. C. and R. E. Dickinson},
 TITLE =        {Radiative Effects of Aerosols on the Evolution of the Atmospheric Boundary Layer},
 JOURNAL =      {J. Geophys. Res.},
 YEAR =         {2002},
 volume =       {107},
 note =         {doi:10.1029/2001JD000754}
}
@article{Zeng:98,
   author =  {Zeng, X. and R. E. Dickinson},
   title =   {Effect of surface sublayer on surface skin temperature and fluxes},
   journal = {J. Clim.},
   volume =  11,
   pages =   {537--550},
   year =    1998,
}
@article{ZA:82,
   author =  {Zhang, D. and R. A. Anthes},
   title =   {A high-resolution model of the planetary boundary layer --- sensitivity tests and comparisons with {SESAME}-79 data},
   journal = {J. Appl. Meteor.},
   volume =  21,
   pages =   {1594--1609},
   year =    1982,
}
@article{Zhang:04,
   author =  {Zhang, D.-L. and W.-Z. Zheng},
   title =   {Diurnal cycles of surface winds and temperatures as simulated by five boundary layer parameterizations},
   journal = {J. Appl. Meteor.},
   volume =  43,
   pages =   {157--169},
   year =    2004,
}
@article{Zi:00,
   author =  {Ziehmann, C.},
   title =   {Comparison of a single-model {EPS} with a multi-model ensemble consisting of a few operational models},
   journal = {Tellus},
   volume =  {52A},
   pages =   {280--299},
   year =    2000,
}
@inproceedings{Zili:95,
   author =  {Zilitinkevich, S. S.},
   title =   {Non-local turbulent transport: pollution dispersion aspects of
coherent structure of convective flows},
   booktitle = {Air Pollution III - Volume I.  Air Pollution Theory and Simulation},
   editor = {Power, H. and N. Moussiopoulos and C. A. Brebbia},
   publisher = {Computational Mechanics Publications, Southampton Boston},
   pages =   {53--60},
   year =    1995,
}

%%%% End

